order date,Product Name,Category,Units Sold,Price, Revenue ,Discount,Units Returned,Location,Platform,,,,,
1/6/2020,Whey Protein,Protein,143,31.98," ? 4,573.14 ",0.03,2,Canada,Walmart,,,,,
1/6/2020,Vitamin C,Vitamin,139,42.51," ? 5,908.89 ",0.04,0,UK,Amazon,,sub1,sub2,sub3,total
1/6/2020,Fish Oil,Omega,161,12.91," ? 2,078.51 ",0.25,0,Canada,Amazon,,28,71,99,198
1/6/2020,Multivitamin,Vitamin,140,16.07," ? 2,249.80 ",0.08,0,Canada,Walmart,,30,94,39,163
1/6/2020,Pre-Workout,Performance,157,35.47," ? 5,568.79 ",0.25,3,Canada,iHerb,,96,94,82,272
1/6/2020,BCAA,Amino Acid,154,41.19," ? 6,343.26 ",0.13,1,UK,Walmart,,85,20,72,177
1/6/2020,Creatine,Performance,134,32.49," ? 4,353.66 ",0.05,1,UK,Walmart,,36,51,22,109
1/6/2020,Zinc,Mineral,147,46.68," ? 6,861.96 ",0.19,0,Canada,Amazon,,40,43,42,125
1/6/2020,Collagen Peptides,Protein,147,10.96," ? 1,611.12 ",0.06,2,USA,Amazon,,82,21,2,105
1/6/2020,Magnesium,Mineral,134,20.76," ? 2,781.84 ",0,0,Canada,Amazon,,43,59,45,147
1/6/2020,Ashwagandha,Herbal,181,15.49," ? 2,803.69 ",0.14,1,USA,Amazon,,,,,
1/6/2020,Melatonin,Sleep Aid,164,34.41," ? 5,643.24 ",0.04,1,USA,Walmart,,,,,
1/6/2020,Biotin,Vitamin,159,28.79," ? 4,577.61 ",0.1,1,UK,iHerb,,,,,
1/6/2020,Green Tea Extract,Fat Burner,143,31.88," ? 4,558.84 ",0.06,3,UK,Walmart,,,,,
1/6/2020,Iron Supplement,Mineral,149,42.97," ? 6,402.53 ",0.22,2,Canada,iHerb,,,,,
1/6/2020,Electrolyte Powder,Hydration,154,35.92," ? 5,531.68 ",0.04,2,USA,Amazon,,,,,
1/13/2020,Whey Protein,Protein,150,12.08," ? 1,812.00 ",0.02,2,UK,Amazon,,,,,
1/13/2020,Vitamin C,Vitamin,128,10.61," ? 1,358.08 ",0.24,2,USA,Amazon,,,,,
1/13/2020,Fish Oil,Omega,145,27.49," ? 3,986.05 ",0.19,2,USA,Walmart,,,,,
1/13/2020,Multivitamin,Vitamin,137,14.92," ? 2,044.04 ",0.17,2,USA,Amazon,,,,,
1/13/2020,Pre-Workout,Performance,141,14.11," ? 1,989.51 ",0.24,1,Canada,iHerb,,,,,
1/13/2020,BCAA,Amino Acid,160,29.1," ? 4,656.00 ",0.05,0,Canada,Amazon,,,,,
1/13/2020,Creatine,Performance,154,42.2," ? 6,498.80 ",0.13,0,UK,Walmart,,,,,
1/13/2020,Zinc,Mineral,154,47.4," ? 7,299.60 ",0.2,2,USA,Amazon,,,,,
1/13/2020,Collagen Peptides,Protein,134,56.4," ? 7,557.60 ",0.06,1,Canada,iHerb,,,,,
1/13/2020,Magnesium,Mineral,148,40.65," ? 6,016.20 ",0.24,1,UK,Amazon,,,,,
1/13/2020,Ashwagandha,Herbal,133,54.35," ? 7,228.55 ",0.16,1,UK,Walmart,,,,,
1/13/2020,Melatonin,Sleep Aid,141,33.03," ? 4,657.23 ",0.21,2,USA,Amazon,,,,,
1/13/2020,Biotin,Vitamin,161,18.87," ? 3,038.07 ",0.14,5,USA,iHerb,,,,,
1/13/2020,Green Tea Extract,Fat Burner,174,18.24," ? 3,173.76 ",0.03,2,USA,Walmart,,,,,
1/13/2020,Iron Supplement,Mineral,163,35.29," ? 5,752.27 ",0.21,2,USA,Amazon,,,,,
1/13/2020,Electrolyte Powder,Hydration,151,35.42," ? 5,348.42 ",0.07,2,USA,Amazon,,,,,
1/20/2020,Whey Protein,Protein,157,41.81," ? 6,564.17 ",0.19,0,USA,Walmart,,,,,
1/20/2020,Vitamin C,Vitamin,149,22.33," ? 3,327.17 ",0.18,5,UK,Walmart,,,,,
1/20/2020,Fish Oil,Omega,131,50," ? 6,550.00 ",0.05,1,USA,Walmart,,,,,
1/20/2020,Multivitamin,Vitamin,159,19.4," ? 3,084.60 ",0.09,2,USA,Walmart,,,,,
1/20/2020,Pre-Workout,Performance,152,48.05," ? 7,303.60 ",0.01,2,USA,iHerb,,,,,
1/20/2020,BCAA,Amino Acid,145,17.44," ? 2,528.80 ",0.08,3,UK,Amazon,,,,,
1/20/2020,Creatine,Performance,148,54.31," ? 8,037.88 ",0.15,1,UK,iHerb,,,,,
1/20/2020,Zinc,Mineral,147,10.16," ? 1,493.52 ",0.15,1,USA,iHerb,,,,,
1/20/2020,Collagen Peptides,Protein,161,39.41," ? 6,345.01 ",0.12,2,UK,Walmart,,,,,
1/20/2020,Magnesium,Mineral,126,38.07," ? 4,796.82 ",0.14,1,Canada,Amazon,,,,,
1/20/2020,Ashwagandha,Herbal,156,23.49," ? 3,664.44 ",0.21,1,Canada,iHerb,,,,,
1/20/2020,Melatonin,Sleep Aid,128,26.71," ? 3,418.88 ",0.2,2,Canada,iHerb,,,,,
1/20/2020,Biotin,Vitamin,161,32.01," ? 5,153.61 ",0.04,1,Canada,Amazon,,,,,
1/20/2020,Green Tea Extract,Fat Burner,148,21.03," ? 3,112.44 ",0.15,2,UK,Walmart,,,,,
1/20/2020,Iron Supplement,Mineral,155,41.81," ? 6,480.55 ",0.2,0,UK,iHerb,,,,,
1/20/2020,Electrolyte Powder,Hydration,147,29.19," ? 4,290.93 ",0.14,2,USA,Amazon,,,,,
1/27/2020,Whey Protein,Protein,137,26.73," ? 3,662.01 ",0.01,0,UK,Amazon,,,,,
1/27/2020,Vitamin C,Vitamin,163,35.9," ? 5,851.70 ",0.07,4,UK,iHerb,,,,,
1/27/2020,Fish Oil,Omega,141,53.64," ? 7,563.24 ",0.21,0,Canada,iHerb,,,,,
1/27/2020,Multivitamin,Vitamin,162,34.15," ? 5,532.30 ",0.03,0,UK,iHerb,,,,,
1/27/2020,Pre-Workout,Performance,158,31.84," ? 5,030.72 ",0.18,2,USA,iHerb,,,,,
1/27/2020,BCAA,Amino Acid,136,16.77," ? 2,280.72 ",0.19,2,USA,iHerb,,,,,
1/27/2020,Creatine,Performance,180,12.85," ? 2,313.00 ",0.07,1,USA,Walmart,,,,,
1/27/2020,Zinc,Mineral,140,47.97," ? 6,715.80 ",0.11,2,UK,iHerb,,,,,
1/27/2020,Collagen Peptides,Protein,126,11.68," ? 1,471.68 ",0.02,3,Canada,Walmart,,,,,
1/27/2020,Magnesium,Mineral,135,30.55," ? 4,124.25 ",0.09,3,USA,Amazon,,,,,
1/27/2020,Ashwagandha,Herbal,174,30.94," ? 5,383.56 ",0.07,2,Canada,Amazon,,,,,
1/27/2020,Melatonin,Sleep Aid,156,38.27," ? 5,970.12 ",0.12,4,UK,iHerb,,,,,
1/27/2020,Biotin,Vitamin,154,15.7," ? 2,417.80 ",0.04,1,UK,Walmart,,,,,
1/27/2020,Green Tea Extract,Fat Burner,141,38.06," ? 5,366.46 ",0.13,0,UK,iHerb,,,,,
1/27/2020,Iron Supplement,Mineral,165,13.38," ? 2,207.70 ",0.18,2,USA,iHerb,,,,,
1/27/2020,Electrolyte Powder,Hydration,129,34.23," ? 4,415.67 ",0.04,3,Canada,Amazon,,,,,
2/3/2020,Whey Protein,Protein,165,33.11," ? 5,463.15 ",0.1,2,Canada,iHerb,,,,,
2/3/2020,Vitamin C,Vitamin,152,35.63," ? 5,415.76 ",0.2,1,UK,Amazon,,,,,
2/3/2020,Fish Oil,Omega,138,18.24," ? 2,517.12 ",0.08,2,UK,Amazon,,,,,
2/3/2020,Multivitamin,Vitamin,151,53.89," ? 8,137.39 ",0.22,3,UK,Amazon,,,,,
2/3/2020,Pre-Workout,Performance,140,59.25," ? 8,295.00 ",0.19,0,UK,Amazon,,,,,
2/3/2020,BCAA,Amino Acid,126,55.46," ? 6,987.96 ",0.13,1,USA,iHerb,,,,,
2/3/2020,Creatine,Performance,132,51.11," ? 6,746.52 ",0.1,2,Canada,Amazon,,,,,
2/3/2020,Zinc,Mineral,184,36.17," ? 6,655.28 ",0.07,3,Canada,Amazon,,,,,
2/3/2020,Collagen Peptides,Protein,153,49.9," ? 7,634.70 ",0.1,3,UK,Amazon,,,,,
2/3/2020,Magnesium,Mineral,151,44.79," ? 6,763.29 ",0.2,1,Canada,Amazon,,,,,
2/3/2020,Ashwagandha,Herbal,135,19.21," ? 2,593.35 ",0.22,2,UK,Amazon,,,,,
2/3/2020,Melatonin,Sleep Aid,135,40.76," ? 5,502.60 ",0.02,3,Canada,iHerb,,,,,
2/3/2020,Biotin,Vitamin,162,58.36," ? 9,454.32 ",0.1,5,UK,Amazon,,,,,
2/3/2020,Green Tea Extract,Fat Burner,156,18.3," ? 2,854.80 ",0.22,1,UK,iHerb,,,,,
2/3/2020,Iron Supplement,Mineral,136,37.99," ? 5,166.64 ",0.13,2,USA,Amazon,,,,,
2/3/2020,Electrolyte Powder,Hydration,168,46.57," ? 7,823.76 ",0.05,3,Canada,iHerb,,,,,
2/10/2020,Whey Protein,Protein,163,45.51," ? 7,418.13 ",0.08,1,UK,iHerb,,,,,
2/10/2020,Vitamin C,Vitamin,163,27.89," ? 4,546.07 ",0.12,3,UK,Amazon,,,,,
2/10/2020,Fish Oil,Omega,144,45.6," ? 6,566.40 ",0.21,0,Canada,Amazon,,,,,
2/10/2020,Multivitamin,Vitamin,140,27.4," ? 3,836.00 ",0.11,2,UK,Walmart,,,,,
2/10/2020,Pre-Workout,Performance,155,27.62," ? 4,281.10 ",0.21,1,USA,iHerb,,,,,
2/10/2020,BCAA,Amino Acid,134,26.26," ? 3,518.84 ",0.17,0,UK,Amazon,,,,,
2/10/2020,Creatine,Performance,137,21.36," ? 2,926.32 ",0.21,1,Canada,iHerb,,,,,
2/10/2020,Zinc,Mineral,155,35.63," ? 5,522.65 ",0.08,1,UK,Amazon,,,,,
2/10/2020,Collagen Peptides,Protein,155,53.56," ? 8,301.80 ",0.19,2,UK,Walmart,,,,,
2/10/2020,Magnesium,Mineral,156,55.36," ? 8,636.16 ",0.17,2,UK,iHerb,,,,,
2/10/2020,Ashwagandha,Herbal,132,33.02," ? 4,358.64 ",0.22,1,USA,iHerb,,,,,
2/10/2020,Melatonin,Sleep Aid,146,15.54," ? 2,268.84 ",0.11,0,Canada,Amazon,,,,,
2/10/2020,Biotin,Vitamin,142,24.61," ? 3,494.62 ",0.23,2,UK,iHerb,,,,,
2/10/2020,Green Tea Extract,Fat Burner,162,58.14," ? 9,418.68 ",0.18,1,UK,Walmart,,,,,
2/10/2020,Iron Supplement,Mineral,163,53.64," ? 8,743.32 ",0.03,2,USA,Walmart,,,,,
2/10/2020,Electrolyte Powder,Hydration,151,22.09," ? 3,335.59 ",0,1,USA,Amazon,,,,,
2/17/2020,Whey Protein,Protein,143,24.86," ? 3,554.98 ",0.07,2,Canada,iHerb,,,,,
2/17/2020,Vitamin C,Vitamin,165,39.66," ? 6,543.90 ",0.22,0,Canada,iHerb,,,,,
2/17/2020,Fish Oil,Omega,129,49.73," ? 6,415.17 ",0.01,1,Canada,Walmart,,,,,
2/17/2020,Multivitamin,Vitamin,151,51.57," ? 7,787.07 ",0.15,0,USA,Amazon,,,,,
2/17/2020,Pre-Workout,Performance,131,43.46," ? 5,693.26 ",0.21,3,USA,Walmart,,,,,
2/17/2020,BCAA,Amino Acid,152,31.52," ? 4,791.04 ",0.08,1,UK,Amazon,,,,,
2/17/2020,Creatine,Performance,160,54.63," ? 8,740.80 ",0.11,2,UK,Amazon,,,,,
2/17/2020,Zinc,Mineral,155,45.13," ? 6,995.15 ",0.06,1,USA,iHerb,,,,,
2/17/2020,Collagen Peptides,Protein,132,34.38," ? 4,538.16 ",0.16,3,Canada,Walmart,,,,,
2/17/2020,Magnesium,Mineral,154,35.31," ? 5,437.74 ",0.16,0,USA,Amazon,,,,,
2/17/2020,Ashwagandha,Herbal,141,33.62," ? 4,740.42 ",0.01,0,USA,iHerb,,,,,
2/17/2020,Melatonin,Sleep Aid,144,19.8," ? 2,851.20 ",0.15,1,USA,iHerb,,,,,
2/17/2020,Biotin,Vitamin,139,10.28," ? 1,428.92 ",0,0,USA,Walmart,,,,,
2/17/2020,Green Tea Extract,Fat Burner,117,26.94," ? 3,151.98 ",0.2,1,Canada,Amazon,,,,,
2/17/2020,Iron Supplement,Mineral,150,56.59," ? 8,488.50 ",0.1,0,UK,Amazon,,,,,
2/17/2020,Electrolyte Powder,Hydration,154,27.26," ? 4,198.04 ",0.13,3,Canada,Amazon,,,,,
2/24/2020,Whey Protein,Protein,150,59.64," ? 8,946.00 ",0.03,1,UK,Walmart,,,,,
2/24/2020,Vitamin C,Vitamin,146,30.55," ? 4,460.30 ",0.23,2,UK,iHerb,,,,,
2/24/2020,Fish Oil,Omega,154,51.19," ? 7,883.26 ",0.24,3,USA,Amazon,,,,,
2/24/2020,Multivitamin,Vitamin,123,12.98," ? 1,596.54 ",0.15,2,USA,Walmart,,,,,
2/24/2020,Pre-Workout,Performance,133,32.81," ? 4,363.73 ",0.09,0,Canada,Amazon,,,,,
2/24/2020,BCAA,Amino Acid,147,13.55," ? 1,991.85 ",0.02,1,UK,Amazon,,,,,
2/24/2020,Creatine,Performance,175,43.93," ? 7,687.75 ",0.09,2,UK,Amazon,,,,,
2/24/2020,Zinc,Mineral,170,53.68," ? 9,125.60 ",0.18,0,UK,iHerb,,,,,
2/24/2020,Collagen Peptides,Protein,169,36.7," ? 6,202.30 ",0.04,0,Canada,iHerb,,,,,
2/24/2020,Magnesium,Mineral,147,34.3," ? 5,042.10 ",0.14,0,UK,iHerb,,,,,
2/24/2020,Ashwagandha,Herbal,133,27.16," ? 3,612.28 ",0.18,2,UK,iHerb,,,,,
2/24/2020,Melatonin,Sleep Aid,164,31.5," ? 5,166.00 ",0.17,1,Canada,iHerb,,,,,
2/24/2020,Biotin,Vitamin,143,32.32," ? 4,621.76 ",0.2,2,USA,iHerb,,,,,
2/24/2020,Green Tea Extract,Fat Burner,147,39.11," ? 5,749.17 ",0.09,2,UK,iHerb,,,,,
2/24/2020,Iron Supplement,Mineral,158,28.73," ? 4,539.34 ",0.04,1,UK,Amazon,,,,,
2/24/2020,Electrolyte Powder,Hydration,135,27.29," ? 3,684.15 ",0.04,0,Canada,Amazon,,,,,
3/2/2020,Whey Protein,Protein,155,27.03," ? 4,189.65 ",0.02,1,Canada,Amazon,,,,,
3/2/2020,Vitamin C,Vitamin,143,40.29," ? 5,761.47 ",0.09,0,Canada,iHerb,,,,,
3/2/2020,Fish Oil,Omega,157,34.28," ? 5,381.96 ",0.01,1,Canada,iHerb,,,,,
3/2/2020,Multivitamin,Vitamin,184,11.95," ? 2,198.80 ",0.01,1,UK,iHerb,,,,,
3/2/2020,Pre-Workout,Performance,136,47.81," ? 6,502.16 ",0.11,1,USA,Walmart,,,,,
3/2/2020,BCAA,Amino Acid,169,57.8," ? 9,768.20 ",0.08,3,Canada,Amazon,,,,,
3/2/2020,Creatine,Performance,154,59.2," ? 9,116.80 ",0.07,4,Canada,iHerb,,,,,
3/2/2020,Zinc,Mineral,146,27.02," ? 3,944.92 ",0.14,0,UK,Amazon,,,,,
3/2/2020,Collagen Peptides,Protein,152,48.1," ? 7,311.20 ",0.21,1,UK,Amazon,,,,,
3/2/2020,Magnesium,Mineral,143,19.73," ? 2,821.39 ",0.01,1,USA,Amazon,,,,,
3/2/2020,Ashwagandha,Herbal,152,39.02," ? 5,931.04 ",0.03,1,USA,Amazon,,,,,
3/2/2020,Melatonin,Sleep Aid,154,30.09," ? 4,633.86 ",0.25,3,Canada,Amazon,,,,,
3/2/2020,Biotin,Vitamin,154,41.03," ? 6,318.62 ",0.05,1,UK,Amazon,,,,,
3/2/2020,Green Tea Extract,Fat Burner,151,58.2," ? 8,788.20 ",0.23,2,USA,Walmart,,,,,
3/2/2020,Iron Supplement,Mineral,151,16.53," ? 2,496.03 ",0.2,0,UK,Amazon,,,,,
3/2/2020,Electrolyte Powder,Hydration,161,53.85," ? 8,669.85 ",0.24,0,USA,Amazon,,,,,
3/9/2020,Whey Protein,Protein,149,34.17," ? 5,091.33 ",0.22,2,USA,Walmart,,,,,
3/9/2020,Vitamin C,Vitamin,145,20.16," ? 2,923.20 ",0.19,1,Canada,iHerb,,,,,
3/9/2020,Fish Oil,Omega,150,38.86," ? 5,829.00 ",0.22,4,UK,Walmart,,,,,
3/9/2020,Multivitamin,Vitamin,147,48.23," ? 7,089.81 ",0.14,4,UK,Walmart,,,,,
3/9/2020,Pre-Workout,Performance,138,52.7," ? 7,272.60 ",0.11,3,Canada,Amazon,,,,,
3/9/2020,BCAA,Amino Acid,168,54.17," ? 9,100.56 ",0.11,2,Canada,Amazon,,,,,
3/9/2020,Creatine,Performance,154,10.96," ? 1,687.84 ",0.12,2,USA,Amazon,,,,,
3/9/2020,Zinc,Mineral,158,16.72," ? 2,641.76 ",0.07,1,USA,iHerb,,,,,
3/9/2020,Collagen Peptides,Protein,162,20.54," ? 3,327.48 ",0.24,0,UK,Amazon,,,,,
3/9/2020,Magnesium,Mineral,163,10.72," ? 1,747.36 ",0.18,3,UK,iHerb,,,,,
3/9/2020,Ashwagandha,Herbal,159,47.67," ? 7,579.53 ",0.19,2,Canada,iHerb,,,,,
3/9/2020,Melatonin,Sleep Aid,160,40.68," ? 6,508.80 ",0.02,1,UK,Walmart,,,,,
3/9/2020,Biotin,Vitamin,128,30.36," ? 3,886.08 ",0.02,1,USA,Walmart,,,,,
3/9/2020,Green Tea Extract,Fat Burner,132,57.38," ? 7,574.16 ",0.02,3,USA,Amazon,,,,,
3/9/2020,Iron Supplement,Mineral,151,13.84," ? 2,089.84 ",0.13,2,Canada,iHerb,,,,,
3/9/2020,Electrolyte Powder,Hydration,158,13.65," ? 2,156.70 ",0.1,1,Canada,Amazon,,,,,
3/16/2020,Whey Protein,Protein,140,50.17," ? 7,023.80 ",0.23,1,Canada,iHerb,,,,,
3/16/2020,Vitamin C,Vitamin,169,33.82," ? 5,715.58 ",0.06,2,Canada,Walmart,,,,,
3/16/2020,Fish Oil,Omega,145,16.15," ? 2,341.75 ",0.22,1,Canada,Amazon,,,,,
3/16/2020,Multivitamin,Vitamin,148,41.24," ? 6,103.52 ",0.02,2,UK,Amazon,,,,,
3/16/2020,Pre-Workout,Performance,140,51.13," ? 7,158.20 ",0.2,1,USA,Walmart,,,,,
3/16/2020,BCAA,Amino Acid,151,48.77," ? 7,364.27 ",0.07,1,UK,Amazon,,,,,
3/16/2020,Creatine,Performance,142,41.48," ? 5,890.16 ",0.01,2,Canada,Amazon,,,,,
3/16/2020,Zinc,Mineral,143,35.56," ? 5,085.08 ",0.01,1,USA,Amazon,,,,,
3/16/2020,Collagen Peptides,Protein,158,51.97," ? 8,211.26 ",0,1,Canada,iHerb,,,,,
3/16/2020,Magnesium,Mineral,159,15.09," ? 2,399.31 ",0.09,1,Canada,iHerb,,,,,
3/16/2020,Ashwagandha,Herbal,164,49.45," ? 8,109.80 ",0.22,1,Canada,iHerb,,,,,
3/16/2020,Melatonin,Sleep Aid,170,58.2," ? 9,894.00 ",0.02,2,Canada,Amazon,,,,,
3/16/2020,Biotin,Vitamin,150,41.64," ? 6,246.00 ",0.18,0,UK,iHerb,,,,,
3/16/2020,Green Tea Extract,Fat Burner,136,43.32," ? 5,891.52 ",0.24,2,UK,Walmart,,,,,
3/16/2020,Iron Supplement,Mineral,178,24.9," ? 4,432.20 ",0.03,3,UK,iHerb,,,,,
3/16/2020,Electrolyte Powder,Hydration,155,28," ? 4,340.00 ",0.24,1,USA,Amazon,,,,,
3/23/2020,Whey Protein,Protein,148,20.44," ? 3,025.12 ",0.09,1,UK,Walmart,,,,,
3/23/2020,Vitamin C,Vitamin,147,52.52," ? 7,720.44 ",0.05,2,Canada,Amazon,,,,,
3/23/2020,Fish Oil,Omega,149,20.79," ? 3,097.71 ",0.17,2,Canada,iHerb,,,,,
3/23/2020,Multivitamin,Vitamin,142,42.58," ? 6,046.36 ",0.18,1,Canada,Amazon,,,,,
3/23/2020,Pre-Workout,Performance,155,45.66," ? 7,077.30 ",0.05,3,Canada,Walmart,,,,,
3/23/2020,BCAA,Amino Acid,142,12.9," ? 1,831.80 ",0.03,1,UK,Walmart,,,,,
3/23/2020,Creatine,Performance,141,10.73," ? 1,512.93 ",0.09,1,UK,iHerb,,,,,
3/23/2020,Zinc,Mineral,147,30.21," ? 4,440.87 ",0.13,2,UK,Amazon,,,,,
3/23/2020,Collagen Peptides,Protein,156,48.7," ? 7,597.20 ",0.19,1,Canada,Amazon,,,,,
3/23/2020,Magnesium,Mineral,162,23.28," ? 3,771.36 ",0,1,UK,iHerb,,,,,
3/23/2020,Ashwagandha,Herbal,160,27.4," ? 4,384.00 ",0.09,0,USA,Amazon,,,,,
3/23/2020,Melatonin,Sleep Aid,143,58.71," ? 8,395.53 ",0.21,0,Canada,iHerb,,,,,
3/23/2020,Biotin,Vitamin,168,49.02," ? 8,235.36 ",0.11,1,USA,Amazon,,,,,
3/23/2020,Green Tea Extract,Fat Burner,143,21.41," ? 3,061.63 ",0.06,1,Canada,Amazon,,,,,
3/23/2020,Iron Supplement,Mineral,159,12.89," ? 2,049.51 ",0.24,4,USA,Amazon,,,,,
3/23/2020,Electrolyte Powder,Hydration,151,13.78," ? 2,080.78 ",0.09,1,UK,Amazon,,,,,
3/30/2020,Whey Protein,Protein,138,41.12," ? 5,674.56 ",0.2,1,Canada,iHerb,,,,,
3/30/2020,Vitamin C,Vitamin,135,41.8," ? 5,643.00 ",0.1,2,Canada,Amazon,,,,,
3/30/2020,Fish Oil,Omega,141,55.87," ? 7,877.67 ",0.07,1,USA,Amazon,,,,,
3/30/2020,Multivitamin,Vitamin,168,13.11," ? 2,202.48 ",0.04,0,UK,Amazon,,,,,
3/30/2020,Pre-Workout,Performance,155,16.71," ? 2,590.05 ",0.24,1,USA,Amazon,,,,,
3/30/2020,BCAA,Amino Acid,140,43.98," ? 6,157.20 ",0.02,1,UK,Walmart,,,,,
3/30/2020,Creatine,Performance,162,37.33," ? 6,047.46 ",0.11,0,USA,Amazon,,,,,
3/30/2020,Zinc,Mineral,136,20.46," ? 2,782.56 ",0.01,2,USA,Amazon,,,,,
3/30/2020,Collagen Peptides,Protein,165,58.03," ? 9,574.95 ",0.05,4,Canada,iHerb,,,,,
3/30/2020,Magnesium,Mineral,141,39.68," ? 5,594.88 ",0.02,2,UK,iHerb,,,,,
3/30/2020,Ashwagandha,Herbal,160,33.85," ? 5,416.00 ",0.18,1,USA,Walmart,,,,,
3/30/2020,Melatonin,Sleep Aid,155,18.13," ? 2,810.15 ",0.14,2,UK,iHerb,,,,,
3/30/2020,Biotin,Vitamin,150,10.45," ? 1,567.50 ",0.09,3,UK,Amazon,,,,,
3/30/2020,Green Tea Extract,Fat Burner,140,21.1," ? 2,954.00 ",0.08,3,USA,iHerb,,,,,
3/30/2020,Iron Supplement,Mineral,158,31.44," ? 4,967.52 ",0.01,1,UK,iHerb,,,,,
3/30/2020,Electrolyte Powder,Hydration,156,24.44," ? 3,812.64 ",0.1,3,USA,Amazon,,,,,
4/6/2020,Whey Protein,Protein,160,29.62," ? 4,739.20 ",0.19,3,UK,iHerb,,,,,
4/6/2020,Vitamin C,Vitamin,178,27.86," ? 4,959.08 ",0.2,1,UK,Walmart,,,,,
4/6/2020,Fish Oil,Omega,152,42.83," ? 6,510.16 ",0.06,0,USA,Amazon,,,,,
4/6/2020,Multivitamin,Vitamin,171,35.3," ? 6,036.30 ",0.06,0,USA,Amazon,,,,,
4/6/2020,Pre-Workout,Performance,116,53.34," ? 6,187.44 ",0.07,3,UK,Walmart,,,,,
4/6/2020,BCAA,Amino Acid,153,39," ? 5,967.00 ",0.13,2,USA,Walmart,,,,,
4/6/2020,Creatine,Performance,142,54.7," ? 7,767.40 ",0.24,3,USA,Walmart,,,,,
4/6/2020,Zinc,Mineral,147,33.82," ? 4,971.54 ",0.12,0,Canada,Amazon,,,,,
4/6/2020,Collagen Peptides,Protein,153,26.58," ? 4,066.74 ",0.21,0,Canada,iHerb,,,,,
4/6/2020,Magnesium,Mineral,127,57.04," ? 7,244.08 ",0.13,1,Canada,iHerb,,,,,
4/6/2020,Ashwagandha,Herbal,162,26.61," ? 4,310.82 ",0.17,2,Canada,Amazon,,,,,
4/6/2020,Melatonin,Sleep Aid,156,53.79," ? 8,391.24 ",0.13,1,USA,iHerb,,,,,
4/6/2020,Biotin,Vitamin,147,16.39," ? 2,409.33 ",0.19,0,UK,Amazon,,,,,
4/6/2020,Green Tea Extract,Fat Burner,147,12.73," ? 1,871.31 ",0.24,0,UK,Walmart,,,,,
4/6/2020,Iron Supplement,Mineral,143,21.52," ? 3,077.36 ",0,2,USA,Amazon,,,,,
4/6/2020,Electrolyte Powder,Hydration,185,43.15," ? 7,982.75 ",0.19,3,UK,iHerb,,,,,
4/13/2020,Whey Protein,Protein,147,26.26," ? 3,860.22 ",0.18,2,Canada,Walmart,,,,,
4/13/2020,Vitamin C,Vitamin,137,55.1," ? 7,548.70 ",0.2,4,USA,Walmart,,,,,
4/13/2020,Fish Oil,Omega,160,39.53," ? 6,324.80 ",0.17,0,USA,iHerb,,,,,
4/13/2020,Multivitamin,Vitamin,151,18.37," ? 2,773.87 ",0.2,2,USA,Amazon,,,,,
4/13/2020,Pre-Workout,Performance,178,23.27," ? 4,142.06 ",0.15,1,USA,Amazon,,,,,
4/13/2020,BCAA,Amino Acid,158,15.13," ? 2,390.54 ",0.13,1,Canada,iHerb,,,,,
4/13/2020,Creatine,Performance,145,51.38," ? 7,450.10 ",0.17,2,UK,Walmart,,,,,
4/13/2020,Zinc,Mineral,149,44.73," ? 6,664.77 ",0.18,3,Canada,Amazon,,,,,
4/13/2020,Collagen Peptides,Protein,142,19.76," ? 2,805.92 ",0.09,1,USA,Amazon,,,,,
4/13/2020,Magnesium,Mineral,157,38.1," ? 5,981.70 ",0.24,1,UK,iHerb,,,,,
4/13/2020,Ashwagandha,Herbal,146,49.31," ? 7,199.26 ",0.18,1,Canada,iHerb,,,,,
4/13/2020,Melatonin,Sleep Aid,140,50.86," ? 7,120.40 ",0.14,4,Canada,Walmart,,,,,
4/13/2020,Biotin,Vitamin,123,45.92," ? 5,648.16 ",0.22,0,UK,Amazon,,,,,
4/13/2020,Green Tea Extract,Fat Burner,162,29.83," ? 4,832.46 ",0.03,3,USA,Amazon,,,,,
4/13/2020,Iron Supplement,Mineral,136,24.5," ? 3,332.00 ",0.22,2,Canada,Walmart,,,,,
4/13/2020,Electrolyte Powder,Hydration,162,41.24," ? 6,680.88 ",0.14,3,USA,Walmart,,,,,
4/20/2020,Whey Protein,Protein,169,43.7," ? 7,385.30 ",0.01,2,USA,Walmart,,,,,
4/20/2020,Vitamin C,Vitamin,142,27.65," ? 3,926.30 ",0.16,1,Canada,iHerb,,,,,
4/20/2020,Fish Oil,Omega,159,13.42," ? 2,133.78 ",0.2,1,UK,iHerb,,,,,
4/20/2020,Multivitamin,Vitamin,148,26.62," ? 3,939.76 ",0.01,1,USA,Amazon,,,,,
4/20/2020,Pre-Workout,Performance,176,43.57," ? 7,668.32 ",0.16,1,USA,Walmart,,,,,
4/20/2020,BCAA,Amino Acid,147,15.07," ? 2,215.29 ",0.07,1,USA,iHerb,,,,,
4/20/2020,Creatine,Performance,148,13.38," ? 1,980.24 ",0.13,0,Canada,Walmart,,,,,
4/20/2020,Zinc,Mineral,188,30.18," ? 5,673.84 ",0.18,2,USA,iHerb,,,,,
4/20/2020,Collagen Peptides,Protein,147,29.88," ? 4,392.36 ",0.07,0,USA,iHerb,,,,,
4/20/2020,Magnesium,Mineral,149,24.37," ? 3,631.13 ",0.16,4,USA,Amazon,,,,,
4/20/2020,Ashwagandha,Herbal,154,13.78," ? 2,122.12 ",0.24,1,Canada,Amazon,,,,,
4/20/2020,Melatonin,Sleep Aid,130,41.18," ? 5,353.40 ",0.16,0,USA,Amazon,,,,,
4/20/2020,Biotin,Vitamin,141,45.33," ? 6,391.53 ",0.15,1,UK,Amazon,,,,,
4/20/2020,Green Tea Extract,Fat Burner,141,53.3," ? 7,515.30 ",0.24,0,UK,Amazon,,,,,
4/20/2020,Iron Supplement,Mineral,159,20.13," ? 3,200.67 ",0.15,2,USA,iHerb,,,,,
4/20/2020,Electrolyte Powder,Hydration,157,10.77," ? 1,690.89 ",0.15,1,UK,Amazon,,,,,
4/27/2020,Whey Protein,Protein,148,29.95," ? 4,432.60 ",0.21,0,USA,Amazon,,,,,
4/27/2020,Vitamin C,Vitamin,131,31.68," ? 4,150.08 ",0.02,2,USA,iHerb,,,,,
4/27/2020,Fish Oil,Omega,170,22.94," ? 3,899.80 ",0.11,2,Canada,iHerb,,,,,
4/27/2020,Multivitamin,Vitamin,154,22.1," ? 3,403.40 ",0.18,0,USA,Walmart,,,,,
4/27/2020,Pre-Workout,Performance,138,46.94," ? 6,477.72 ",0,0,UK,Walmart,,,,,
4/27/2020,BCAA,Amino Acid,139,22.38," ? 3,110.82 ",0.02,1,USA,Walmart,,,,,
4/27/2020,Creatine,Performance,159,43.64," ? 6,938.76 ",0.02,4,Canada,Amazon,,,,,
4/27/2020,Zinc,Mineral,164,51.15," ? 8,388.60 ",0.23,2,USA,iHerb,,,,,
4/27/2020,Collagen Peptides,Protein,138,47.14," ? 6,505.32 ",0.18,1,UK,iHerb,,,,,
4/27/2020,Magnesium,Mineral,127,56.04," ? 7,117.08 ",0.15,1,Canada,Walmart,,,,,
4/27/2020,Ashwagandha,Herbal,141,54.77," ? 7,722.57 ",0.17,2,UK,Walmart,,,,,
4/27/2020,Melatonin,Sleep Aid,148,22.42," ? 3,318.16 ",0.18,1,Canada,Walmart,,,,,
4/27/2020,Biotin,Vitamin,148,56.81," ? 8,407.88 ",0.02,3,UK,Walmart,,,,,
4/27/2020,Green Tea Extract,Fat Burner,142,11.1," ? 1,576.20 ",0.08,1,Canada,iHerb,,,,,
4/27/2020,Iron Supplement,Mineral,124,56.36," ? 6,988.64 ",0.03,2,Canada,Walmart,,,,,
4/27/2020,Electrolyte Powder,Hydration,147,23.01," ? 3,382.47 ",0.04,0,Canada,iHerb,,,,,
5/4/2020,Whey Protein,Protein,127,43.21," ? 5,487.67 ",0.22,2,Canada,iHerb,,,,,
5/4/2020,Vitamin C,Vitamin,157,24.46," ? 3,840.22 ",0.08,1,UK,iHerb,,,,,
5/4/2020,Fish Oil,Omega,150,27.84," ? 4,176.00 ",0.09,3,Canada,iHerb,,,,,
5/4/2020,Multivitamin,Vitamin,161,55.69," ? 8,966.09 ",0.24,1,UK,Walmart,,,,,
5/4/2020,Pre-Workout,Performance,145,57.06," ? 8,273.70 ",0.22,0,Canada,iHerb,,,,,
5/4/2020,BCAA,Amino Acid,146,35.16," ? 5,133.36 ",0.05,3,Canada,iHerb,,,,,
5/4/2020,Creatine,Performance,156,52.94," ? 8,258.64 ",0.19,1,Canada,Amazon,,,,,
5/4/2020,Zinc,Mineral,154,43.68," ? 6,726.72 ",0.04,2,Canada,iHerb,,,,,
5/4/2020,Collagen Peptides,Protein,140,18.26," ? 2,556.40 ",0,2,UK,iHerb,,,,,
5/4/2020,Magnesium,Mineral,159,18.07," ? 2,873.13 ",0.02,0,UK,iHerb,,,,,
5/4/2020,Ashwagandha,Herbal,140,15.27," ? 2,137.80 ",0.06,1,UK,Walmart,,,,,
5/4/2020,Melatonin,Sleep Aid,154,12.89," ? 1,985.06 ",0.1,1,Canada,iHerb,,,,,
5/4/2020,Biotin,Vitamin,154,30.79," ? 4,741.66 ",0.11,1,USA,Amazon,,,,,
5/4/2020,Green Tea Extract,Fat Burner,157,18.58," ? 2,917.06 ",0.13,1,USA,iHerb,,,,,
5/4/2020,Iron Supplement,Mineral,166,36.63," ? 6,080.58 ",0.03,2,USA,iHerb,,,,,
5/4/2020,Electrolyte Powder,Hydration,133,17.14," ? 2,279.62 ",0.17,0,USA,Amazon,,,,,
5/11/2020,Whey Protein,Protein,146,20.22," ? 2,952.12 ",0.13,1,Canada,iHerb,,,,,
5/11/2020,Vitamin C,Vitamin,127,38.03," ? 4,829.81 ",0.16,2,USA,Amazon,,,,,
5/11/2020,Fish Oil,Omega,141,46.17," ? 6,509.97 ",0.13,3,UK,iHerb,,,,,
5/11/2020,Multivitamin,Vitamin,163,34.25," ? 5,582.75 ",0.08,3,Canada,Amazon,,,,,
5/11/2020,Pre-Workout,Performance,148,52.75," ? 7,807.00 ",0.22,1,Canada,Amazon,,,,,
5/11/2020,BCAA,Amino Acid,128,50.18," ? 6,423.04 ",0.23,0,USA,Walmart,,,,,
5/11/2020,Creatine,Performance,127,29.47," ? 3,742.69 ",0.14,4,Canada,iHerb,,,,,
5/11/2020,Zinc,Mineral,127,13.71," ? 1,741.17 ",0.09,2,USA,Walmart,,,,,
5/11/2020,Collagen Peptides,Protein,152,21.01," ? 3,193.52 ",0.09,1,Canada,iHerb,,,,,
5/11/2020,Magnesium,Mineral,127,33.21," ? 4,217.67 ",0.18,2,USA,iHerb,,,,,
5/11/2020,Ashwagandha,Herbal,158,20.88," ? 3,299.04 ",0.17,1,Canada,Amazon,,,,,
5/11/2020,Melatonin,Sleep Aid,160,13.32," ? 2,131.20 ",0.19,2,Canada,iHerb,,,,,
5/11/2020,Biotin,Vitamin,161,50.15," ? 8,074.15 ",0.13,0,Canada,Walmart,,,,,
5/11/2020,Green Tea Extract,Fat Burner,156,47.11," ? 7,349.16 ",0.04,0,Canada,iHerb,,,,,
5/11/2020,Iron Supplement,Mineral,168,55.41," ? 9,308.88 ",0.19,2,USA,Walmart,,,,,
5/11/2020,Electrolyte Powder,Hydration,156,38.94," ? 6,074.64 ",0.16,0,UK,iHerb,,,,,
5/18/2020,Whey Protein,Protein,149,23.55," ? 3,508.95 ",0.05,1,USA,iHerb,,,,,
5/18/2020,Vitamin C,Vitamin,140,31.24," ? 4,373.60 ",0.23,1,USA,iHerb,,,,,
5/18/2020,Fish Oil,Omega,138,44.81," ? 6,183.78 ",0.1,2,Canada,Amazon,,,,,
5/18/2020,Multivitamin,Vitamin,156,23.6," ? 3,681.60 ",0.17,1,Canada,iHerb,,,,,
5/18/2020,Pre-Workout,Performance,175,26.23," ? 4,590.25 ",0.07,1,Canada,iHerb,,,,,
5/18/2020,BCAA,Amino Acid,157,39.77," ? 6,243.89 ",0.07,2,UK,Amazon,,,,,
5/18/2020,Creatine,Performance,162,48.04," ? 7,782.48 ",0.05,0,Canada,Walmart,,,,,
5/18/2020,Zinc,Mineral,157,31.62," ? 4,964.34 ",0.01,1,Canada,Amazon,,,,,
5/18/2020,Collagen Peptides,Protein,140,11.95," ? 1,673.00 ",0.17,1,UK,iHerb,,,,,
5/18/2020,Magnesium,Mineral,168,26.26," ? 4,411.68 ",0.23,6,Canada,iHerb,,,,,
5/18/2020,Ashwagandha,Herbal,163,22.45," ? 3,659.35 ",0.14,0,Canada,Walmart,,,,,
5/18/2020,Melatonin,Sleep Aid,144,50.33," ? 7,247.52 ",0.21,6,USA,Amazon,,,,,
5/18/2020,Biotin,Vitamin,140,30.56," ? 4,278.40 ",0.03,0,UK,iHerb,,,,,
5/18/2020,Green Tea Extract,Fat Burner,145,38.31," ? 5,554.95 ",0.08,2,UK,Walmart,,,,,
5/18/2020,Iron Supplement,Mineral,140,48.22," ? 6,750.80 ",0.16,2,Canada,Amazon,,,,,
5/18/2020,Electrolyte Powder,Hydration,154,41.23," ? 6,349.42 ",0.22,2,USA,iHerb,,,,,
5/25/2020,Whey Protein,Protein,160,45.37," ? 7,259.20 ",0.1,1,UK,Amazon,,,,,
5/25/2020,Vitamin C,Vitamin,153,56.46," ? 8,638.38 ",0.09,1,UK,iHerb,,,,,
5/25/2020,Fish Oil,Omega,162,39.66," ? 6,424.92 ",0.01,1,Canada,Amazon,,,,,
5/25/2020,Multivitamin,Vitamin,156,28.66," ? 4,470.96 ",0.24,0,UK,Amazon,,,,,
5/25/2020,Pre-Workout,Performance,150,44.86," ? 6,729.00 ",0.16,1,Canada,Amazon,,,,,
5/25/2020,BCAA,Amino Acid,136,39.97," ? 5,435.92 ",0.04,2,Canada,Walmart,,,,,
5/25/2020,Creatine,Performance,148,51.87," ? 7,676.76 ",0.04,0,UK,iHerb,,,,,
5/25/2020,Zinc,Mineral,161,44.98," ? 7,241.78 ",0.21,3,UK,Amazon,,,,,
5/25/2020,Collagen Peptides,Protein,150,17.68," ? 2,652.00 ",0.14,1,UK,Amazon,,,,,
5/25/2020,Magnesium,Mineral,171,39.64," ? 6,778.44 ",0.09,0,Canada,Walmart,,,,,
5/25/2020,Ashwagandha,Herbal,129,54.05," ? 6,972.45 ",0.22,2,USA,iHerb,,,,,
5/25/2020,Melatonin,Sleep Aid,139,54.3," ? 7,547.70 ",0.05,2,USA,Amazon,,,,,
5/25/2020,Biotin,Vitamin,142,59.86," ? 8,500.12 ",0.01,3,UK,iHerb,,,,,
5/25/2020,Green Tea Extract,Fat Burner,149,13.12," ? 1,954.88 ",0.08,0,UK,Walmart,,,,,
5/25/2020,Iron Supplement,Mineral,130,13.55," ? 1,761.50 ",0.05,0,Canada,Amazon,,,,,
5/25/2020,Electrolyte Powder,Hydration,149,15.05," ? 2,242.45 ",0.04,0,UK,Amazon,,,,,
6/1/2020,Whey Protein,Protein,142,26.31," ? 3,736.02 ",0.07,0,USA,iHerb,,,,,
6/1/2020,Vitamin C,Vitamin,134,27.77," ? 3,721.18 ",0.17,0,UK,Walmart,,,,,
6/1/2020,Fish Oil,Omega,139,17.35," ? 2,411.65 ",0.09,3,USA,iHerb,,,,,
6/1/2020,Multivitamin,Vitamin,136,34.23," ? 4,655.28 ",0.08,1,Canada,Amazon,,,,,
6/1/2020,Pre-Workout,Performance,162,39.03," ? 6,322.86 ",0.13,0,USA,Amazon,,,,,
6/1/2020,BCAA,Amino Acid,154,34.39," ? 5,296.06 ",0.02,1,Canada,Walmart,,,,,
6/1/2020,Creatine,Performance,143,12.85," ? 1,837.55 ",0.1,1,Canada,iHerb,,,,,
6/1/2020,Zinc,Mineral,158,43.36," ? 6,850.88 ",0.19,3,Canada,Walmart,,,,,
6/1/2020,Collagen Peptides,Protein,143,52.01," ? 7,437.43 ",0.25,3,UK,iHerb,,,,,
6/1/2020,Magnesium,Mineral,145,34.47," ? 4,998.15 ",0.19,1,Canada,iHerb,,,,,
6/1/2020,Ashwagandha,Herbal,149,28.07," ? 4,182.43 ",0.21,1,Canada,Amazon,,,,,
6/1/2020,Melatonin,Sleep Aid,144,48.12," ? 6,929.28 ",0.03,0,Canada,iHerb,,,,,
6/1/2020,Biotin,Vitamin,178,38.39," ? 6,833.42 ",0.14,2,UK,Walmart,,,,,
6/1/2020,Green Tea Extract,Fat Burner,155,37.63," ? 5,832.65 ",0.09,2,Canada,iHerb,,,,,
6/1/2020,Iron Supplement,Mineral,135,19.26," ? 2,600.10 ",0.07,0,Canada,Walmart,,,,,
6/1/2020,Electrolyte Powder,Hydration,137,24.29," ? 3,327.73 ",0.23,4,USA,Amazon,,,,,
6/8/2020,Whey Protein,Protein,152,28.73," ? 4,366.96 ",0.2,1,UK,Amazon,,,,,
6/8/2020,Vitamin C,Vitamin,130,52.26," ? 6,793.80 ",0.2,0,USA,Walmart,,,,,
6/8/2020,Fish Oil,Omega,156,20.91," ? 3,261.96 ",0.22,1,USA,Amazon,,,,,
6/8/2020,Multivitamin,Vitamin,141,53.53," ? 7,547.73 ",0.2,2,Canada,Walmart,,,,,
6/8/2020,Pre-Workout,Performance,159,32.92," ? 5,234.28 ",0.09,0,Canada,iHerb,,,,,
6/8/2020,BCAA,Amino Acid,149,12," ? 1,788.00 ",0.07,0,UK,iHerb,,,,,
6/8/2020,Creatine,Performance,140,33.4," ? 4,676.00 ",0.12,2,USA,Walmart,,,,,
6/8/2020,Zinc,Mineral,136,31.5," ? 4,284.00 ",0.15,7,USA,Walmart,,,,,
6/8/2020,Collagen Peptides,Protein,160,51.38," ? 8,220.80 ",0.04,0,USA,Walmart,,,,,
6/8/2020,Magnesium,Mineral,138,35.53," ? 4,903.14 ",0.15,3,Canada,iHerb,,,,,
6/8/2020,Ashwagandha,Herbal,150,12.51," ? 1,876.50 ",0.01,1,Canada,Amazon,,,,,
6/8/2020,Melatonin,Sleep Aid,148,18.03," ? 2,668.44 ",0.01,1,UK,Amazon,,,,,
6/8/2020,Biotin,Vitamin,140,46.23," ? 6,472.20 ",0.03,2,UK,Walmart,,,,,
6/8/2020,Green Tea Extract,Fat Burner,142,28.99," ? 4,116.58 ",0.2,1,USA,Amazon,,,,,
6/8/2020,Iron Supplement,Mineral,159,48.64," ? 7,733.76 ",0.06,2,Canada,Amazon,,,,,
6/8/2020,Electrolyte Powder,Hydration,152,29.37," ? 4,464.24 ",0.02,0,USA,iHerb,,,,,
6/15/2020,Whey Protein,Protein,163,48.76," ? 7,947.88 ",0.06,1,UK,iHerb,,,,,
6/15/2020,Vitamin C,Vitamin,156,23.27," ? 3,630.12 ",0.15,2,USA,iHerb,,,,,
6/15/2020,Fish Oil,Omega,143,57.36," ? 8,202.48 ",0.22,2,Canada,Amazon,,,,,
6/15/2020,Multivitamin,Vitamin,142,58.17," ? 8,260.14 ",0,2,UK,Walmart,,,,,
6/15/2020,Pre-Workout,Performance,158,59.51," ? 9,402.58 ",0.08,1,UK,Walmart,,,,,
6/15/2020,BCAA,Amino Acid,129,23.05," ? 2,973.45 ",0.09,2,Canada,Walmart,,,,,
6/15/2020,Creatine,Performance,174,28.63," ? 4,981.62 ",0.23,0,Canada,Walmart,,,,,
6/15/2020,Zinc,Mineral,130,39.76," ? 5,168.80 ",0.04,4,Canada,Walmart,,,,,
6/15/2020,Collagen Peptides,Protein,148,22.33," ? 3,304.84 ",0.12,2,USA,Amazon,,,,,
6/15/2020,Magnesium,Mineral,159,38.89," ? 6,183.51 ",0.23,3,UK,iHerb,,,,,
6/15/2020,Ashwagandha,Herbal,160,10.34," ? 1,654.40 ",0.05,2,USA,iHerb,,,,,
6/15/2020,Melatonin,Sleep Aid,147,54.23," ? 7,971.81 ",0.22,3,USA,Walmart,,,,,
6/15/2020,Biotin,Vitamin,143,23.58," ? 3,371.94 ",0.05,0,USA,iHerb,,,,,
6/15/2020,Green Tea Extract,Fat Burner,144,51.55," ? 7,423.20 ",0.03,2,Canada,iHerb,,,,,
6/15/2020,Iron Supplement,Mineral,151,34.64," ? 5,230.64 ",0.07,2,UK,Walmart,,,,,
6/15/2020,Electrolyte Powder,Hydration,148,15.83," ? 2,342.84 ",0.14,3,USA,Walmart,,,,,
6/22/2020,Whey Protein,Protein,144,42.93," ? 6,181.92 ",0.23,2,Canada,iHerb,,,,,
6/22/2020,Vitamin C,Vitamin,152,54.92," ? 8,347.84 ",0.1,1,UK,Amazon,,,,,
6/22/2020,Fish Oil,Omega,162,38.84," ? 6,292.08 ",0.12,0,UK,iHerb,,,,,
6/22/2020,Multivitamin,Vitamin,127,46.94," ? 5,961.38 ",0.01,2,USA,iHerb,,,,,
6/22/2020,Pre-Workout,Performance,151,18.63," ? 2,813.13 ",0.14,1,USA,Walmart,,,,,
6/22/2020,BCAA,Amino Acid,174,59.18," ? 10,297.32 ",0.06,5,UK,iHerb,,,,,
6/22/2020,Creatine,Performance,148,12.52," ? 1,852.96 ",0.01,2,UK,Amazon,,,,,
6/22/2020,Zinc,Mineral,148,40.7," ? 6,023.60 ",0.06,2,UK,Amazon,,,,,
6/22/2020,Collagen Peptides,Protein,145,51.03," ? 7,399.35 ",0.12,1,Canada,Walmart,,,,,
6/22/2020,Magnesium,Mineral,145,26.41," ? 3,829.45 ",0.05,0,UK,iHerb,,,,,
6/22/2020,Ashwagandha,Herbal,149,52.05," ? 7,755.45 ",0.06,1,Canada,iHerb,,,,,
6/22/2020,Melatonin,Sleep Aid,162,29.23," ? 4,735.26 ",0.11,1,UK,Walmart,,,,,
6/22/2020,Biotin,Vitamin,173,56.69," ? 9,807.37 ",0.17,2,UK,iHerb,,,,,
6/22/2020,Green Tea Extract,Fat Burner,147,42.82," ? 6,294.54 ",0.24,1,USA,iHerb,,,,,
6/22/2020,Iron Supplement,Mineral,158,30.88," ? 4,879.04 ",0.03,2,UK,iHerb,,,,,
6/22/2020,Electrolyte Powder,Hydration,174,13.84," ? 2,408.16 ",0.09,2,UK,iHerb,,,,,
6/29/2020,Whey Protein,Protein,146,50.73," ? 7,406.58 ",0.15,1,Canada,Walmart,,,,,
6/29/2020,Vitamin C,Vitamin,141,27.74," ? 3,911.34 ",0.1,2,Canada,Amazon,,,,,
6/29/2020,Fish Oil,Omega,156,29.76," ? 4,642.56 ",0.05,0,USA,Amazon,,,,,
6/29/2020,Multivitamin,Vitamin,163,30.96," ? 5,046.48 ",0.04,3,USA,Amazon,,,,,
6/29/2020,Pre-Workout,Performance,152,35.12," ? 5,338.24 ",0.18,4,USA,iHerb,,,,,
6/29/2020,BCAA,Amino Acid,139,56.72," ? 7,884.08 ",0.23,2,UK,Walmart,,,,,
6/29/2020,Creatine,Performance,155,47.62," ? 7,381.10 ",0.13,2,Canada,iHerb,,,,,
6/29/2020,Zinc,Mineral,147,51.22," ? 7,529.34 ",0.04,3,UK,Walmart,,,,,
6/29/2020,Collagen Peptides,Protein,151,31.57," ? 4,767.07 ",0.09,3,Canada,iHerb,,,,,
6/29/2020,Magnesium,Mineral,141,34.2," ? 4,822.20 ",0.13,1,Canada,Amazon,,,,,
6/29/2020,Ashwagandha,Herbal,153,11.96," ? 1,829.88 ",0.07,0,UK,Amazon,,,,,
6/29/2020,Melatonin,Sleep Aid,146,27.29," ? 3,984.34 ",0.17,2,UK,Amazon,,,,,
6/29/2020,Biotin,Vitamin,176,49.16," ? 8,652.16 ",0.07,5,Canada,iHerb,,,,,
6/29/2020,Green Tea Extract,Fat Burner,156,16.02," ? 2,499.12 ",0.23,0,Canada,Walmart,,,,,
6/29/2020,Iron Supplement,Mineral,154,25.36," ? 3,905.44 ",0.14,1,Canada,iHerb,,,,,
6/29/2020,Electrolyte Powder,Hydration,136,30.91," ? 4,203.76 ",0.19,3,Canada,Amazon,,,,,
7/6/2020,Whey Protein,Protein,129,15.01," ? 1,936.29 ",0,2,UK,iHerb,,,,,
7/6/2020,Vitamin C,Vitamin,154,21.69," ? 3,340.26 ",0.01,3,Canada,Walmart,,,,,
7/6/2020,Fish Oil,Omega,140,56.32," ? 7,884.80 ",0.1,0,USA,Amazon,,,,,
7/6/2020,Multivitamin,Vitamin,146,39.16," ? 5,717.36 ",0,2,Canada,Walmart,,,,,
7/6/2020,Pre-Workout,Performance,143,39.42," ? 5,637.06 ",0.1,4,UK,Walmart,,,,,
7/6/2020,BCAA,Amino Acid,151,45.47," ? 6,865.97 ",0.07,3,Canada,iHerb,,,,,
7/6/2020,Creatine,Performance,145,12.53," ? 1,816.85 ",0.11,3,USA,Amazon,,,,,
7/6/2020,Zinc,Mineral,162,21.3," ? 3,450.60 ",0.2,4,UK,Walmart,,,,,
7/6/2020,Collagen Peptides,Protein,131,26.87," ? 3,519.97 ",0.22,0,USA,Walmart,,,,,
7/6/2020,Magnesium,Mineral,139,12.56," ? 1,745.84 ",0.12,1,UK,iHerb,,,,,
7/6/2020,Ashwagandha,Herbal,144,36.5," ? 5,256.00 ",0.04,1,USA,iHerb,,,,,
7/6/2020,Melatonin,Sleep Aid,162,17.69," ? 2,865.78 ",0.04,1,Canada,Walmart,,,,,
7/6/2020,Biotin,Vitamin,145,43.98," ? 6,377.10 ",0.01,0,USA,Amazon,,,,,
7/6/2020,Green Tea Extract,Fat Burner,146,19.67," ? 2,871.82 ",0.16,1,Canada,iHerb,,,,,
7/6/2020,Iron Supplement,Mineral,167,24.86," ? 4,151.62 ",0.06,1,UK,Walmart,,,,,
7/6/2020,Electrolyte Powder,Hydration,140,51.3," ? 7,182.00 ",0.17,2,USA,Amazon,,,,,
7/13/2020,Whey Protein,Protein,146,46.9," ? 6,847.40 ",0.09,2,Canada,iHerb,,,,,
7/13/2020,Vitamin C,Vitamin,141,59.63," ? 8,407.83 ",0.04,5,Canada,iHerb,,,,,
7/13/2020,Fish Oil,Omega,156,53.31," ? 8,316.36 ",0.07,1,Canada,iHerb,,,,,
7/13/2020,Multivitamin,Vitamin,154,31.37," ? 4,830.98 ",0.08,2,USA,Walmart,,,,,
7/13/2020,Pre-Workout,Performance,165,56.72," ? 9,358.80 ",0.17,3,UK,Amazon,,,,,
7/13/2020,BCAA,Amino Acid,152,10.81," ? 1,643.12 ",0.2,0,USA,iHerb,,,,,
7/13/2020,Creatine,Performance,142,48.27," ? 6,854.34 ",0.06,3,UK,Amazon,,,,,
7/13/2020,Zinc,Mineral,132,58.96," ? 7,782.72 ",0.17,2,Canada,iHerb,,,,,
7/13/2020,Collagen Peptides,Protein,144,39.71," ? 5,718.24 ",0.15,2,UK,Walmart,,,,,
7/13/2020,Magnesium,Mineral,153,23.8," ? 3,641.40 ",0.19,1,Canada,iHerb,,,,,
7/13/2020,Ashwagandha,Herbal,157,41.27," ? 6,479.39 ",0.19,1,Canada,iHerb,,,,,
7/13/2020,Melatonin,Sleep Aid,125,40.3," ? 5,037.50 ",0.21,0,Canada,Amazon,,,,,
7/13/2020,Biotin,Vitamin,159,33.93," ? 5,394.87 ",0.23,1,Canada,iHerb,,,,,
7/13/2020,Green Tea Extract,Fat Burner,149,14.08," ? 2,097.92 ",0.06,0,Canada,Walmart,,,,,
7/13/2020,Iron Supplement,Mineral,155,37.41," ? 5,798.55 ",0.04,1,USA,Amazon,,,,,
7/13/2020,Electrolyte Powder,Hydration,153,35.01," ? 5,356.53 ",0.02,0,Canada,Walmart,,,,,
7/20/2020,Whey Protein,Protein,154,55.86," ? 8,602.44 ",0.1,0,UK,Walmart,,,,,
7/20/2020,Vitamin C,Vitamin,158,36.27," ? 5,730.66 ",0.17,3,UK,Amazon,,,,,
7/20/2020,Fish Oil,Omega,161,43.98," ? 7,080.78 ",0.24,1,Canada,Amazon,,,,,
7/20/2020,Multivitamin,Vitamin,139,41.69," ? 5,794.91 ",0.15,0,USA,Amazon,,,,,
7/20/2020,Pre-Workout,Performance,158,43.25," ? 6,833.50 ",0.14,1,Canada,Amazon,,,,,
7/20/2020,BCAA,Amino Acid,134,51.58," ? 6,911.72 ",0.23,2,Canada,Amazon,,,,,
7/20/2020,Creatine,Performance,132,46.45," ? 6,131.40 ",0.19,0,UK,Amazon,,,,,
7/20/2020,Zinc,Mineral,145,10.64," ? 1,542.80 ",0.14,3,Canada,iHerb,,,,,
7/20/2020,Collagen Peptides,Protein,180,35.72," ? 6,429.60 ",0.02,2,Canada,Walmart,,,,,
7/20/2020,Magnesium,Mineral,146,29.44," ? 4,298.24 ",0.06,0,USA,Amazon,,,,,
7/20/2020,Ashwagandha,Herbal,143,18.84," ? 2,694.12 ",0.25,1,USA,Amazon,,,,,
7/20/2020,Melatonin,Sleep Aid,151,59.78," ? 9,026.78 ",0.15,3,UK,iHerb,,,,,
7/20/2020,Biotin,Vitamin,144,30.14," ? 4,340.16 ",0.17,2,UK,Walmart,,,,,
7/20/2020,Green Tea Extract,Fat Burner,143,41.62," ? 5,951.66 ",0.03,1,USA,iHerb,,,,,
7/20/2020,Iron Supplement,Mineral,157,47.67," ? 7,484.19 ",0.22,1,USA,Amazon,,,,,
7/20/2020,Electrolyte Powder,Hydration,159,19.33," ? 3,073.47 ",0.01,1,USA,iHerb,,,,,
7/27/2020,Whey Protein,Protein,148,52.5," ? 7,770.00 ",0.05,0,UK,iHerb,,,,,
7/27/2020,Vitamin C,Vitamin,183,33.92," ? 6,207.36 ",0.15,2,USA,Walmart,,,,,
7/27/2020,Fish Oil,Omega,130,15.27," ? 1,985.10 ",0.15,1,Canada,iHerb,,,,,
7/27/2020,Multivitamin,Vitamin,140,51," ? 7,140.00 ",0.01,1,USA,Amazon,,,,,
7/27/2020,Pre-Workout,Performance,157,25.39," ? 3,986.23 ",0.15,3,Canada,Amazon,,,,,
7/27/2020,BCAA,Amino Acid,162,46.51," ? 7,534.62 ",0.09,2,UK,iHerb,,,,,
7/27/2020,Creatine,Performance,149,45.09," ? 6,718.41 ",0.14,1,USA,Walmart,,,,,
7/27/2020,Zinc,Mineral,170,25.79," ? 4,384.30 ",0.01,3,USA,Walmart,,,,,
7/27/2020,Collagen Peptides,Protein,157,43.78," ? 6,873.46 ",0.1,2,Canada,Amazon,,,,,
7/27/2020,Magnesium,Mineral,148,56.74," ? 8,397.52 ",0.06,0,UK,iHerb,,,,,
7/27/2020,Ashwagandha,Herbal,153,28.89," ? 4,420.17 ",0.02,1,USA,Amazon,,,,,
7/27/2020,Melatonin,Sleep Aid,150,42.91," ? 6,436.50 ",0.25,1,Canada,iHerb,,,,,
7/27/2020,Biotin,Vitamin,145,15.76," ? 2,285.20 ",0.22,1,USA,Amazon,,,,,
7/27/2020,Green Tea Extract,Fat Burner,146,32.1," ? 4,686.60 ",0.16,0,USA,Walmart,,,,,
7/27/2020,Iron Supplement,Mineral,155,17.57," ? 2,723.35 ",0.12,2,USA,Amazon,,,,,
7/27/2020,Electrolyte Powder,Hydration,153,26.9," ? 4,115.70 ",0.03,1,UK,iHerb,,,,,
8/3/2020,Whey Protein,Protein,136,20.44," ? 2,779.84 ",0.01,1,UK,Walmart,,,,,
8/3/2020,Vitamin C,Vitamin,153,38.85," ? 5,944.05 ",0.09,3,Canada,Walmart,,,,,
8/3/2020,Fish Oil,Omega,151,38.29," ? 5,781.79 ",0.23,1,USA,iHerb,,,,,
8/3/2020,Multivitamin,Vitamin,142,17.57," ? 2,494.94 ",0.11,2,USA,Walmart,,,,,
8/3/2020,Pre-Workout,Performance,160,51.42," ? 8,227.20 ",0.02,1,Canada,iHerb,,,,,
8/3/2020,BCAA,Amino Acid,155,49.17," ? 7,621.35 ",0.07,4,Canada,Amazon,,,,,
8/3/2020,Creatine,Performance,134,58.55," ? 7,845.70 ",0.04,2,UK,Amazon,,,,,
8/3/2020,Zinc,Mineral,119,35.81," ? 4,261.39 ",0.15,3,USA,Amazon,,,,,
8/3/2020,Collagen Peptides,Protein,156,50.48," ? 7,874.88 ",0.24,0,Canada,Walmart,,,,,
8/3/2020,Magnesium,Mineral,162,16.61," ? 2,690.82 ",0.11,2,Canada,Amazon,,,,,
8/3/2020,Ashwagandha,Herbal,146,39.97," ? 5,835.62 ",0.23,1,USA,Amazon,,,,,
8/3/2020,Melatonin,Sleep Aid,139,12.42," ? 1,726.38 ",0.21,2,Canada,Amazon,,,,,
8/3/2020,Biotin,Vitamin,153,49.99," ? 7,648.47 ",0.14,3,USA,Walmart,,,,,
8/3/2020,Green Tea Extract,Fat Burner,155,39.93," ? 6,189.15 ",0.1,4,UK,Walmart,,,,,
8/3/2020,Iron Supplement,Mineral,151,21.02," ? 3,174.02 ",0.16,2,Canada,Amazon,,,,,
8/3/2020,Electrolyte Powder,Hydration,137,40.22," ? 5,510.14 ",0.19,1,Canada,Walmart,,,,,
8/10/2020,Whey Protein,Protein,139,14.01," ? 1,947.39 ",0.11,0,Canada,iHerb,,,,,
8/10/2020,Vitamin C,Vitamin,137,29.34," ? 4,019.58 ",0.01,1,Canada,Walmart,,,,,
8/10/2020,Fish Oil,Omega,150,29.14," ? 4,371.00 ",0.21,0,UK,Amazon,,,,,
8/10/2020,Multivitamin,Vitamin,150,13.56," ? 2,034.00 ",0.14,2,UK,Walmart,,,,,
8/10/2020,Pre-Workout,Performance,167,57.99," ? 9,684.33 ",0.01,0,UK,iHerb,,,,,
8/10/2020,BCAA,Amino Acid,120,37.06," ? 4,447.20 ",0.16,0,Canada,Walmart,,,,,
8/10/2020,Creatine,Performance,176,24.83," ? 4,370.08 ",0.02,0,UK,iHerb,,,,,
8/10/2020,Zinc,Mineral,134,35.93," ? 4,814.62 ",0.06,1,Canada,iHerb,,,,,
8/10/2020,Collagen Peptides,Protein,177,29.11," ? 5,152.47 ",0.14,0,USA,Walmart,,,,,
8/10/2020,Magnesium,Mineral,155,34.48," ? 5,344.40 ",0.1,0,Canada,Walmart,,,,,
8/10/2020,Ashwagandha,Herbal,144,14.92," ? 2,148.48 ",0.24,2,UK,Amazon,,,,,
8/10/2020,Melatonin,Sleep Aid,158,29.66," ? 4,686.28 ",0.06,0,USA,Walmart,,,,,
8/10/2020,Biotin,Vitamin,137,43.88," ? 6,011.56 ",0.14,1,Canada,Amazon,,,,,
8/10/2020,Green Tea Extract,Fat Burner,171,24.03," ? 4,109.13 ",0.09,3,USA,iHerb,,,,,
8/10/2020,Iron Supplement,Mineral,166,21.23," ? 3,524.18 ",0.1,1,USA,Amazon,,,,,
8/10/2020,Electrolyte Powder,Hydration,162,46.54," ? 7,539.48 ",0.11,2,USA,iHerb,,,,,
8/17/2020,Whey Protein,Protein,163,53.32," ? 8,691.16 ",0.01,2,UK,iHerb,,,,,
8/17/2020,Vitamin C,Vitamin,135,37.43," ? 5,053.05 ",0.1,1,Canada,iHerb,,,,,
8/17/2020,Fish Oil,Omega,156,16.65," ? 2,597.40 ",0.04,4,Canada,iHerb,,,,,
8/17/2020,Multivitamin,Vitamin,145,34.19," ? 4,957.55 ",0.1,1,USA,Walmart,,,,,
8/17/2020,Pre-Workout,Performance,153,18.07," ? 2,764.71 ",0.12,2,UK,Walmart,,,,,
8/17/2020,BCAA,Amino Acid,152,47.11," ? 7,160.72 ",0.01,1,UK,Amazon,,,,,
8/17/2020,Creatine,Performance,161,23.06," ? 3,712.66 ",0.17,2,Canada,Walmart,,,,,
8/17/2020,Zinc,Mineral,162,40.51," ? 6,562.62 ",0.12,0,Canada,Amazon,,,,,
8/17/2020,Collagen Peptides,Protein,141,39.96," ? 5,634.36 ",0.13,1,USA,Amazon,,,,,
8/17/2020,Magnesium,Mineral,142,11.2," ? 1,590.40 ",0.15,3,Canada,iHerb,,,,,
8/17/2020,Ashwagandha,Herbal,137,14.57," ? 1,996.09 ",0.16,1,USA,Walmart,,,,,
8/17/2020,Melatonin,Sleep Aid,147,54.83," ? 8,060.01 ",0.05,0,Canada,Walmart,,,,,
8/17/2020,Biotin,Vitamin,165,54.53," ? 8,997.45 ",0.15,3,UK,iHerb,,,,,
8/17/2020,Green Tea Extract,Fat Burner,147,55.65," ? 8,180.55 ",0.14,0,Canada,Walmart,,,,,
8/17/2020,Iron Supplement,Mineral,141,22.34," ? 3,149.94 ",0.08,1,Canada,iHerb,,,,,
8/17/2020,Electrolyte Powder,Hydration,153,40.77," ? 6,237.81 ",0.02,0,UK,iHerb,,,,,
8/24/2020,Whey Protein,Protein,137,20.7," ? 2,835.90 ",0.07,1,UK,iHerb,,,,,
8/24/2020,Vitamin C,Vitamin,162,42.47," ? 6,880.14 ",0.17,3,UK,Amazon,,,,,
8/24/2020,Fish Oil,Omega,173,17.69," ? 3,060.37 ",0.22,1,Canada,Amazon,,,,,
8/24/2020,Multivitamin,Vitamin,152,43.95," ? 6,680.40 ",0.23,6,UK,Amazon,,,,,
8/24/2020,Pre-Workout,Performance,158,53.99," ? 8,530.42 ",0.01,1,USA,iHerb,,,,,
8/24/2020,BCAA,Amino Acid,168,21.03," ? 3,533.04 ",0.03,3,UK,Amazon,,,,,
8/24/2020,Creatine,Performance,150,21.95," ? 3,292.50 ",0.19,2,Canada,iHerb,,,,,
8/24/2020,Zinc,Mineral,143,20.48," ? 2,928.64 ",0.24,2,UK,iHerb,,,,,
8/24/2020,Collagen Peptides,Protein,174,49.09," ? 8,541.66 ",0.19,2,Canada,iHerb,,,,,
8/24/2020,Magnesium,Mineral,134,46.47," ? 6,226.98 ",0.14,0,USA,Walmart,,,,,
8/24/2020,Ashwagandha,Herbal,150,31.37," ? 4,705.50 ",0.16,2,USA,Amazon,,,,,
8/24/2020,Melatonin,Sleep Aid,140,23.46," ? 3,284.40 ",0.05,2,USA,iHerb,,,,,
8/24/2020,Biotin,Vitamin,170,47.56," ? 8,085.20 ",0.22,3,USA,Amazon,,,,,
8/24/2020,Green Tea Extract,Fat Burner,146,13.12," ? 1,915.52 ",0.12,0,Canada,Walmart,,,,,
8/24/2020,Iron Supplement,Mineral,140,50.44," ? 7,061.60 ",0.22,1,Canada,iHerb,,,,,
8/24/2020,Electrolyte Powder,Hydration,165,48.23," ? 7,957.95 ",0.04,2,USA,Walmart,,,,,
8/31/2020,Whey Protein,Protein,176,26.58," ? 4,678.08 ",0.13,2,USA,Walmart,,,,,
8/31/2020,Vitamin C,Vitamin,150,25.6," ? 3,840.00 ",0.2,3,USA,Amazon,,,,,
8/31/2020,Fish Oil,Omega,144,47.59," ? 6,852.96 ",0.2,4,UK,Amazon,,,,,
8/31/2020,Multivitamin,Vitamin,143,16.58," ? 2,370.94 ",0.18,2,UK,Amazon,,,,,
8/31/2020,Pre-Workout,Performance,156,53.65," ? 8,369.40 ",0.04,0,UK,Amazon,,,,,
8/31/2020,BCAA,Amino Acid,158,52.45," ? 8,287.10 ",0.1,0,Canada,Amazon,,,,,
8/31/2020,Creatine,Performance,164,19.46," ? 3,191.44 ",0.18,2,Canada,Walmart,,,,,
8/31/2020,Zinc,Mineral,154,51.44," ? 7,921.76 ",0.21,2,UK,Walmart,,,,,
8/31/2020,Collagen Peptides,Protein,132,43.55," ? 5,748.60 ",0.17,1,UK,Walmart,,,,,
8/31/2020,Magnesium,Mineral,167,15.63," ? 2,610.21 ",0.1,3,USA,iHerb,,,,,
8/31/2020,Ashwagandha,Herbal,156,23.53," ? 3,670.68 ",0.06,4,Canada,iHerb,,,,,
8/31/2020,Melatonin,Sleep Aid,142,29.66," ? 4,211.72 ",0.03,0,USA,iHerb,,,,,
8/31/2020,Biotin,Vitamin,151,28.46," ? 4,297.46 ",0.09,1,USA,Amazon,,,,,
8/31/2020,Green Tea Extract,Fat Burner,151,54," ? 8,154.00 ",0.13,1,USA,iHerb,,,,,
8/31/2020,Iron Supplement,Mineral,140,43.16," ? 6,042.40 ",0.15,1,Canada,iHerb,,,,,
8/31/2020,Electrolyte Powder,Hydration,147,19.79," ? 2,909.13 ",0.21,2,Canada,Amazon,,,,,
9/7/2020,Whey Protein,Protein,147,22.83," ? 3,356.01 ",0.19,1,UK,Amazon,,,,,
9/7/2020,Vitamin C,Vitamin,143,59.79," ? 8,549.97 ",0.11,3,USA,iHerb,,,,,
9/7/2020,Fish Oil,Omega,144,20.21," ? 2,910.24 ",0.1,0,Canada,iHerb,,,,,
9/7/2020,Multivitamin,Vitamin,164,18.39," ? 3,015.96 ",0.03,0,USA,Amazon,,,,,
9/7/2020,Pre-Workout,Performance,147,35.62," ? 5,236.14 ",0.09,1,UK,iHerb,,,,,
9/7/2020,BCAA,Amino Acid,154,15.53," ? 2,391.62 ",0.01,5,Canada,Walmart,,,,,
9/7/2020,Creatine,Performance,140,19.49," ? 2,728.60 ",0.01,1,USA,iHerb,,,,,
9/7/2020,Zinc,Mineral,162,32.21," ? 5,218.02 ",0.17,1,USA,Walmart,,,,,
9/7/2020,Collagen Peptides,Protein,165,10.5," ? 1,732.50 ",0.19,1,USA,Amazon,,,,,
9/7/2020,Magnesium,Mineral,140,59.61," ? 8,345.40 ",0.21,0,USA,iHerb,,,,,
9/7/2020,Ashwagandha,Herbal,158,10.35," ? 1,635.30 ",0.1,1,USA,Walmart,,,,,
9/7/2020,Melatonin,Sleep Aid,163,51.38," ? 8,374.94 ",0,1,Canada,Walmart,,,,,
9/7/2020,Biotin,Vitamin,140,13.41," ? 1,877.40 ",0.05,1,USA,Amazon,,,,,
9/7/2020,Green Tea Extract,Fat Burner,142,28.84," ? 4,095.28 ",0.22,3,USA,Amazon,,,,,
9/7/2020,Iron Supplement,Mineral,150,15.34," ? 2,301.00 ",0.24,0,USA,Amazon,,,,,
9/7/2020,Electrolyte Powder,Hydration,142,26.02," ? 3,694.84 ",0.04,2,Canada,Amazon,,,,,
9/14/2020,Whey Protein,Protein,133,16.19," ? 2,153.27 ",0.02,3,USA,Amazon,,,,,
9/14/2020,Vitamin C,Vitamin,138,37.23," ? 5,137.74 ",0.02,4,UK,Walmart,,,,,
9/14/2020,Fish Oil,Omega,140,18.44," ? 2,581.60 ",0.21,0,UK,iHerb,,,,,
9/14/2020,Multivitamin,Vitamin,150,56.74," ? 8,511.00 ",0.23,3,UK,Walmart,,,,,
9/14/2020,Pre-Workout,Performance,167,24.21," ? 4,043.07 ",0.07,1,UK,Walmart,,,,,
9/14/2020,BCAA,Amino Acid,146,17.99," ? 2,626.54 ",0.17,0,Canada,Walmart,,,,,
9/14/2020,Creatine,Performance,143,49.82," ? 7,124.26 ",0.18,2,USA,iHerb,,,,,
9/14/2020,Zinc,Mineral,136,14.37," ? 1,954.32 ",0.09,1,Canada,Walmart,,,,,
9/14/2020,Collagen Peptides,Protein,118,57.78," ? 6,818.04 ",0.24,1,USA,Amazon,,,,,
9/14/2020,Magnesium,Mineral,120,29.61," ? 3,553.20 ",0.24,0,UK,Amazon,,,,,
9/14/2020,Ashwagandha,Herbal,160,59.06," ? 9,449.60 ",0.1,2,Canada,Amazon,,,,,
9/14/2020,Melatonin,Sleep Aid,144,19.6," ? 2,822.40 ",0.04,3,USA,Amazon,,,,,
9/14/2020,Biotin,Vitamin,171,41.27," ? 7,057.17 ",0.2,0,USA,Amazon,,,,,
9/14/2020,Green Tea Extract,Fat Burner,144,41.78," ? 6,016.32 ",0.09,0,UK,iHerb,,,,,
9/14/2020,Iron Supplement,Mineral,153,29.11," ? 4,453.83 ",0.03,0,UK,iHerb,,,,,
9/14/2020,Electrolyte Powder,Hydration,140,42.14," ? 5,899.60 ",0.15,2,UK,Walmart,,,,,
9/21/2020,Whey Protein,Protein,145,20.2," ? 2,929.00 ",0.12,2,Canada,iHerb,,,,,
9/21/2020,Vitamin C,Vitamin,137,54.18," ? 7,422.66 ",0.09,2,Canada,Amazon,,,,,
9/21/2020,Fish Oil,Omega,143,40.49," ? 5,790.07 ",0.06,1,USA,Walmart,,,,,
9/21/2020,Multivitamin,Vitamin,129,24.9," ? 3,212.10 ",0.02,3,Canada,Amazon,,,,,
9/21/2020,Pre-Workout,Performance,133,56.3," ? 7,487.90 ",0.04,4,UK,Walmart,,,,,
9/21/2020,BCAA,Amino Acid,138,37.33," ? 5,151.54 ",0.22,1,USA,Amazon,,,,,
9/21/2020,Creatine,Performance,151,18.31," ? 2,764.81 ",0.23,1,UK,Walmart,,,,,
9/21/2020,Zinc,Mineral,145,26.94," ? 3,906.30 ",0.24,2,USA,iHerb,,,,,
9/21/2020,Collagen Peptides,Protein,153,12.48," ? 1,909.44 ",0.06,1,USA,iHerb,,,,,
9/21/2020,Magnesium,Mineral,139,55.96," ? 7,778.44 ",0.11,1,Canada,iHerb,,,,,
9/21/2020,Ashwagandha,Herbal,182,34.45," ? 6,269.90 ",0.09,4,USA,Walmart,,,,,
9/21/2020,Melatonin,Sleep Aid,152,50.59," ? 7,689.68 ",0.09,1,UK,Walmart,,,,,
9/21/2020,Biotin,Vitamin,164,49.7," ? 8,150.80 ",0.24,2,USA,Amazon,,,,,
9/21/2020,Green Tea Extract,Fat Burner,159,52.25," ? 8,307.75 ",0.1,0,UK,Walmart,,,,,
9/21/2020,Iron Supplement,Mineral,146,32.52," ? 4,747.92 ",0.19,1,UK,Amazon,,,,,
9/21/2020,Electrolyte Powder,Hydration,155,47.47," ? 7,357.85 ",0.14,0,UK,iHerb,,,,,
9/28/2020,Whey Protein,Protein,142,34.13," ? 4,846.46 ",0.05,4,UK,iHerb,,,,,
9/28/2020,Vitamin C,Vitamin,147,54.9," ? 8,070.30 ",0.13,2,Canada,Amazon,,,,,
9/28/2020,Fish Oil,Omega,141,16.17," ? 2,279.97 ",0.05,0,UK,Amazon,,,,,
9/28/2020,Multivitamin,Vitamin,140,51.95," ? 7,273.00 ",0.14,0,UK,Amazon,,,,,
9/28/2020,Pre-Workout,Performance,158,46.56," ? 7,356.48 ",0.19,4,Canada,Amazon,,,,,
9/28/2020,BCAA,Amino Acid,153,42.42," ? 6,490.26 ",0.02,3,UK,Amazon,,,,,
9/28/2020,Creatine,Performance,133,50.79," ? 6,755.07 ",0.15,1,UK,Walmart,,,,,
9/28/2020,Zinc,Mineral,149,27," ? 4,023.00 ",0.22,0,USA,iHerb,,,,,
9/28/2020,Collagen Peptides,Protein,161,19.09," ? 3,073.49 ",0.11,0,Canada,iHerb,,,,,
9/28/2020,Magnesium,Mineral,158,41.77," ? 6,599.66 ",0.05,1,UK,Walmart,,,,,
9/28/2020,Ashwagandha,Herbal,119,37.99," ? 4,520.81 ",0.21,2,UK,Walmart,,,,,
9/28/2020,Melatonin,Sleep Aid,148,45.96," ? 6,802.08 ",0.23,1,USA,Amazon,,,,,
9/28/2020,Biotin,Vitamin,141,46.3," ? 6,528.30 ",0.03,1,UK,Amazon,,,,,
9/28/2020,Green Tea Extract,Fat Burner,151,40.03," ? 6,044.53 ",0.04,1,Canada,iHerb,,,,,
9/28/2020,Iron Supplement,Mineral,158,48.11," ? 7,601.38 ",0.15,0,USA,iHerb,,,,,
9/28/2020,Electrolyte Powder,Hydration,156,40.12," ? 6,258.72 ",0.12,1,Canada,Walmart,,,,,
10/5/2020,Whey Protein,Protein,144,19.88," ? 2,862.72 ",0.2,0,USA,iHerb,,,,,
10/5/2020,Vitamin C,Vitamin,130,42.92," ? 5,579.60 ",0.11,1,USA,Amazon,,,,,
10/5/2020,Fish Oil,Omega,152,56.64," ? 8,609.28 ",0.23,1,UK,iHerb,,,,,
10/5/2020,Multivitamin,Vitamin,144,11.84," ? 1,704.96 ",0.12,1,Canada,iHerb,,,,,
10/5/2020,Pre-Workout,Performance,171,37.64," ? 6,436.44 ",0.19,1,UK,iHerb,,,,,
10/5/2020,BCAA,Amino Acid,130,35.9," ? 4,667.00 ",0.15,0,UK,Walmart,,,,,
10/5/2020,Creatine,Performance,149,13.74," ? 2,047.26 ",0.03,3,USA,Amazon,,,,,
10/5/2020,Zinc,Mineral,140,35.25," ? 4,935.00 ",0.19,0,UK,iHerb,,,,,
10/5/2020,Collagen Peptides,Protein,153,11.82," ? 1,808.46 ",0.01,3,USA,iHerb,,,,,
10/5/2020,Magnesium,Mineral,133,31.89," ? 4,241.37 ",0.21,0,USA,iHerb,,,,,
10/5/2020,Ashwagandha,Herbal,147,32.45," ? 4,770.15 ",0.14,2,USA,Walmart,,,,,
10/5/2020,Melatonin,Sleep Aid,144,15.33," ? 2,207.52 ",0.09,0,Canada,Amazon,,,,,
10/5/2020,Biotin,Vitamin,154,24.26," ? 3,736.04 ",0.16,1,UK,Walmart,,,,,
10/5/2020,Green Tea Extract,Fat Burner,149,24.1," ? 3,590.90 ",0.08,3,UK,iHerb,,,,,
10/5/2020,Iron Supplement,Mineral,124,55.64," ? 6,899.36 ",0.15,1,UK,iHerb,,,,,
10/5/2020,Electrolyte Powder,Hydration,140,52.6," ? 7,364.00 ",0.14,1,USA,iHerb,,,,,
10/12/2020,Whey Protein,Protein,131,58.18," ? 7,621.58 ",0.09,1,USA,Walmart,,,,,
10/12/2020,Vitamin C,Vitamin,129,56.63," ? 7,305.27 ",0.14,0,Canada,iHerb,,,,,
10/12/2020,Fish Oil,Omega,153,30.32," ? 4,638.96 ",0.22,2,UK,Walmart,,,,,
10/12/2020,Multivitamin,Vitamin,168,16.56," ? 2,782.08 ",0.08,1,USA,iHerb,,,,,
10/12/2020,Pre-Workout,Performance,170,43.82," ? 7,449.40 ",0.08,1,Canada,Walmart,,,,,
10/12/2020,BCAA,Amino Acid,160,21.29," ? 3,406.40 ",0.15,0,Canada,iHerb,,,,,
10/12/2020,Creatine,Performance,144,17.4," ? 2,505.60 ",0.25,0,UK,iHerb,,,,,
10/12/2020,Zinc,Mineral,134,48.45," ? 6,492.30 ",0.11,1,Canada,Walmart,,,,,
10/12/2020,Collagen Peptides,Protein,148,54.26," ? 8,030.48 ",0.02,1,UK,iHerb,,,,,
10/12/2020,Magnesium,Mineral,170,51.48," ? 8,751.60 ",0.03,4,USA,Amazon,,,,,
10/12/2020,Ashwagandha,Herbal,156,56.91," ? 8,877.96 ",0.07,1,Canada,Amazon,,,,,
10/12/2020,Melatonin,Sleep Aid,157,56.47," ? 8,865.79 ",0.05,3,Canada,iHerb,,,,,
10/12/2020,Biotin,Vitamin,159,29.36," ? 4,668.24 ",0.07,1,UK,Walmart,,,,,
10/12/2020,Green Tea Extract,Fat Burner,146,31.73," ? 4,632.58 ",0.22,0,USA,iHerb,,,,,
10/12/2020,Iron Supplement,Mineral,177,26.31," ? 4,656.87 ",0.19,1,UK,iHerb,,,,,
10/12/2020,Electrolyte Powder,Hydration,154,47.12," ? 7,256.48 ",0.06,0,USA,Amazon,,,,,
10/19/2020,Whey Protein,Protein,143,18.4," ? 2,631.20 ",0.09,1,Canada,Walmart,,,,,
10/19/2020,Vitamin C,Vitamin,124,54.22," ? 6,723.28 ",0.04,1,UK,Walmart,,,,,
10/19/2020,Fish Oil,Omega,156,45.05," ? 7,027.80 ",0.1,1,UK,iHerb,,,,,
10/19/2020,Multivitamin,Vitamin,156,28.41," ? 4,431.96 ",0.24,1,UK,Amazon,,,,,
10/19/2020,Pre-Workout,Performance,150,45.86," ? 6,879.00 ",0.15,2,USA,iHerb,,,,,
10/19/2020,BCAA,Amino Acid,166,33.76," ? 5,604.16 ",0.1,4,UK,Walmart,,,,,
10/19/2020,Creatine,Performance,157,53.15," ? 8,344.55 ",0.12,0,UK,iHerb,,,,,
10/19/2020,Zinc,Mineral,152,53.89," ? 8,191.28 ",0.05,3,USA,Walmart,,,,,
10/19/2020,Collagen Peptides,Protein,152,58.59," ? 8,905.68 ",0.13,1,USA,Amazon,,,,,
10/19/2020,Magnesium,Mineral,149,25.25," ? 3,762.25 ",0.05,0,USA,Amazon,,,,,
10/19/2020,Ashwagandha,Herbal,142,33.58," ? 4,768.36 ",0.06,0,UK,iHerb,,,,,
10/19/2020,Melatonin,Sleep Aid,144,27.15," ? 3,909.60 ",0.25,1,USA,iHerb,,,,,
10/19/2020,Biotin,Vitamin,137,33.02," ? 4,523.74 ",0.18,4,Canada,iHerb,,,,,
10/19/2020,Green Tea Extract,Fat Burner,122,46.02," ? 5,614.44 ",0.07,0,UK,Amazon,,,,,
10/19/2020,Iron Supplement,Mineral,118,48.72," ? 5,748.96 ",0.03,1,UK,iHerb,,,,,
10/19/2020,Electrolyte Powder,Hydration,154,11.36," ? 1,749.44 ",0.2,0,Canada,iHerb,,,,,
10/26/2020,Whey Protein,Protein,148,33.85," ? 5,009.80 ",0.1,3,UK,iHerb,,,,,
10/26/2020,Vitamin C,Vitamin,168,40.75," ? 6,846.00 ",0.23,4,USA,Amazon,,,,,
10/26/2020,Fish Oil,Omega,150,23.93," ? 3,589.50 ",0.24,0,USA,iHerb,,,,,
10/26/2020,Multivitamin,Vitamin,153,23.95," ? 3,664.35 ",0.1,6,Canada,Walmart,,,,,
10/26/2020,Pre-Workout,Performance,124,14.13," ? 1,752.12 ",0.04,1,UK,Amazon,,,,,
10/26/2020,BCAA,Amino Acid,150,25.82," ? 3,873.00 ",0.02,1,Canada,Walmart,,,,,
10/26/2020,Creatine,Performance,144,55.48," ? 7,989.12 ",0,2,USA,Walmart,,,,,
10/26/2020,Zinc,Mineral,177,18.07," ? 3,198.39 ",0.24,2,USA,iHerb,,,,,
10/26/2020,Collagen Peptides,Protein,148,46.66," ? 6,905.68 ",0.25,1,USA,Amazon,,,,,
10/26/2020,Magnesium,Mineral,151,30.28," ? 4,572.28 ",0.04,4,Canada,Amazon,,,,,
10/26/2020,Ashwagandha,Herbal,165,40.16," ? 6,626.40 ",0.06,2,USA,iHerb,,,,,
10/26/2020,Melatonin,Sleep Aid,157,59.51," ? 9,343.07 ",0.15,1,Canada,iHerb,,,,,
10/26/2020,Biotin,Vitamin,160,29.23," ? 4,676.80 ",0.09,1,UK,iHerb,,,,,
10/26/2020,Green Tea Extract,Fat Burner,161,49.7," ? 8,001.70 ",0.14,1,UK,Amazon,,,,,
10/26/2020,Iron Supplement,Mineral,162,21.22," ? 3,437.64 ",0.13,1,UK,Amazon,,,,,
10/26/2020,Electrolyte Powder,Hydration,150,58.35," ? 8,752.50 ",0.14,3,UK,iHerb,,,,,
11/2/2020,Whey Protein,Protein,135,53.4," ? 7,209.00 ",0.15,2,Canada,Amazon,,,,,
11/2/2020,Vitamin C,Vitamin,145,32.9," ? 4,770.50 ",0.1,3,UK,iHerb,,,,,
11/2/2020,Fish Oil,Omega,181,27.4," ? 4,959.40 ",0.22,5,UK,iHerb,,,,,
11/2/2020,Multivitamin,Vitamin,148,36.3," ? 5,372.40 ",0.17,1,Canada,Walmart,,,,,
11/2/2020,Pre-Workout,Performance,159,12.46," ? 1,981.14 ",0.1,1,Canada,Walmart,,,,,
11/2/2020,BCAA,Amino Acid,143,26.04," ? 3,723.72 ",0.05,1,USA,iHerb,,,,,
11/2/2020,Creatine,Performance,148,59.17," ? 8,757.16 ",0.06,2,Canada,Amazon,,,,,
11/2/2020,Zinc,Mineral,158,14.43," ? 2,279.94 ",0.17,0,USA,iHerb,,,,,
11/2/2020,Collagen Peptides,Protein,153,20.55," ? 3,144.15 ",0.21,0,Canada,Amazon,,,,,
11/2/2020,Magnesium,Mineral,164,20.88," ? 3,424.32 ",0.03,4,USA,Walmart,,,,,
11/2/2020,Ashwagandha,Herbal,128,27.39," ? 3,505.92 ",0.16,1,USA,Amazon,,,,,
11/2/2020,Melatonin,Sleep Aid,134,21.94," ? 2,939.96 ",0.05,1,UK,iHerb,,,,,
11/2/2020,Biotin,Vitamin,157,28.33," ? 4,447.81 ",0.1,4,Canada,Walmart,,,,,
11/2/2020,Green Tea Extract,Fat Burner,140,25.85," ? 3,619.00 ",0.07,1,USA,Amazon,,,,,
11/2/2020,Iron Supplement,Mineral,164,44.36," ? 7,275.04 ",0.08,0,UK,Amazon,,,,,
11/2/2020,Electrolyte Powder,Hydration,157,30.46," ? 4,782.22 ",0.08,2,UK,Amazon,,,,,
11/9/2020,Whey Protein,Protein,160,50.58," ? 8,092.80 ",0.07,1,Canada,Amazon,,,,,
11/9/2020,Vitamin C,Vitamin,158,59.37," ? 9,380.46 ",0.06,2,USA,iHerb,,,,,
11/9/2020,Fish Oil,Omega,154,17.82," ? 2,744.28 ",0.19,2,UK,Walmart,,,,,
11/9/2020,Multivitamin,Vitamin,142,26.69," ? 3,789.98 ",0.14,3,Canada,Amazon,,,,,
11/9/2020,Pre-Workout,Performance,152,35.94," ? 5,462.88 ",0.01,1,Canada,Amazon,,,,,
11/9/2020,BCAA,Amino Acid,150,19.09," ? 2,863.50 ",0.13,1,Canada,Amazon,,,,,
11/9/2020,Creatine,Performance,141,16.66," ? 2,349.06 ",0.23,3,UK,Amazon,,,,,
11/9/2020,Zinc,Mineral,158,48.79," ? 7,708.82 ",0.2,2,UK,Amazon,,,,,
11/9/2020,Collagen Peptides,Protein,133,51.72," ? 6,878.76 ",0.14,2,UK,iHerb,,,,,
11/9/2020,Magnesium,Mineral,148,11.72," ? 1,734.56 ",0.16,0,USA,iHerb,,,,,
11/9/2020,Ashwagandha,Herbal,148,37.27," ? 5,515.96 ",0.03,2,UK,Walmart,,,,,
11/9/2020,Melatonin,Sleep Aid,161,15.22," ? 2,450.42 ",0.04,3,Canada,iHerb,,,,,
11/9/2020,Biotin,Vitamin,151,15.34," ? 2,316.34 ",0.16,3,Canada,iHerb,,,,,
11/9/2020,Green Tea Extract,Fat Burner,163,13.76," ? 2,242.88 ",0.03,0,UK,Amazon,,,,,
11/9/2020,Iron Supplement,Mineral,141,23," ? 3,243.00 ",0.1,3,USA,Amazon,,,,,
11/9/2020,Electrolyte Powder,Hydration,154,45.52," ? 7,010.08 ",0.03,2,Canada,iHerb,,,,,
11/16/2020,Whey Protein,Protein,142,27.05," ? 3,841.10 ",0.25,1,UK,Walmart,,,,,
11/16/2020,Vitamin C,Vitamin,142,11.23," ? 1,594.66 ",0.17,2,Canada,Amazon,,,,,
11/16/2020,Fish Oil,Omega,194,51.09," ? 9,911.46 ",0.16,2,USA,iHerb,,,,,
11/16/2020,Multivitamin,Vitamin,134,59.12," ? 7,922.08 ",0.23,1,UK,iHerb,,,,,
11/16/2020,Pre-Workout,Performance,118,51.32," ? 6,055.76 ",0.18,1,UK,iHerb,,,,,
11/16/2020,BCAA,Amino Acid,124,33.45," ? 4,147.80 ",0.23,1,Canada,iHerb,,,,,
11/16/2020,Creatine,Performance,143,13.3," ? 1,901.90 ",0.24,1,Canada,Amazon,,,,,
11/16/2020,Zinc,Mineral,149,44.13," ? 6,575.37 ",0.17,2,Canada,Walmart,,,,,
11/16/2020,Collagen Peptides,Protein,141,16.26," ? 2,292.66 ",0.16,0,USA,iHerb,,,,,
11/16/2020,Magnesium,Mineral,153,54.54," ? 8,344.62 ",0.11,1,UK,Walmart,,,,,
11/16/2020,Ashwagandha,Herbal,128,51.06," ? 6,535.68 ",0.06,1,USA,iHerb,,,,,
11/16/2020,Melatonin,Sleep Aid,140,19.62," ? 2,746.80 ",0.03,3,Canada,Amazon,,,,,
11/16/2020,Biotin,Vitamin,163,12.44," ? 2,027.72 ",0.21,1,UK,iHerb,,,,,
11/16/2020,Green Tea Extract,Fat Burner,144,14.57," ? 2,098.08 ",0.19,2,Canada,iHerb,,,,,
11/16/2020,Iron Supplement,Mineral,137,19.21," ? 2,631.77 ",0.01,1,Canada,Walmart,,,,,
11/16/2020,Electrolyte Powder,Hydration,164,12.45," ? 2,041.80 ",0.14,3,UK,iHerb,,,,,
11/23/2020,Whey Protein,Protein,144,39.82," ? 5,734.08 ",0.07,0,UK,Amazon,,,,,
11/23/2020,Vitamin C,Vitamin,159,39.04," ? 6,207.36 ",0.19,2,UK,iHerb,,,,,
11/23/2020,Fish Oil,Omega,138,16.31," ? 2,250.78 ",0.03,2,UK,Walmart,,,,,
11/23/2020,Multivitamin,Vitamin,155,15.28," ? 2,368.40 ",0.2,2,USA,Walmart,,,,,
11/23/2020,Pre-Workout,Performance,154,45.16," ? 6,954.64 ",0.21,0,Canada,Amazon,,,,,
11/23/2020,BCAA,Amino Acid,159,24.31," ? 3,865.29 ",0.16,1,USA,Amazon,,,,,
11/23/2020,Creatine,Performance,181,38.99," ? 7,057.19 ",0.04,2,UK,Amazon,,,,,
11/23/2020,Zinc,Mineral,137,34.72," ? 4,756.64 ",0.23,0,Canada,Walmart,,,,,
11/23/2020,Collagen Peptides,Protein,135,35.03," ? 4,729.05 ",0.23,0,Canada,iHerb,,,,,
11/23/2020,Magnesium,Mineral,155,17.84," ? 2,765.20 ",0.17,2,UK,Amazon,,,,,
11/23/2020,Ashwagandha,Herbal,160,32.4," ? 5,184.00 ",0.1,5,USA,Amazon,,,,,
11/23/2020,Melatonin,Sleep Aid,142,27.73," ? 3,937.66 ",0.14,1,UK,Amazon,,,,,
11/23/2020,Biotin,Vitamin,170,54.79," ? 9,314.30 ",0.03,2,UK,Amazon,,,,,
11/23/2020,Green Tea Extract,Fat Burner,169,58.42," ? 9,872.98 ",0.11,4,Canada,Amazon,,,,,
11/23/2020,Iron Supplement,Mineral,156,19.42," ? 3,029.52 ",0.08,0,USA,Amazon,,,,,
11/23/2020,Electrolyte Powder,Hydration,135,31.15," ? 4,205.25 ",0.2,0,UK,Walmart,,,,,
11/30/2020,Whey Protein,Protein,134,19.86," ? 2,661.24 ",0.02,0,Canada,Walmart,,,,,
11/30/2020,Vitamin C,Vitamin,172,27.7," ? 4,764.40 ",0.16,2,UK,iHerb,,,,,
11/30/2020,Fish Oil,Omega,156,41.44," ? 6,464.64 ",0.07,0,Canada,Amazon,,,,,
11/30/2020,Multivitamin,Vitamin,148,38.47," ? 5,693.56 ",0.21,5,Canada,Amazon,,,,,
11/30/2020,Pre-Workout,Performance,136,43.71," ? 5,944.56 ",0.24,4,Canada,iHerb,,,,,
11/30/2020,BCAA,Amino Acid,157,49.93," ? 7,839.01 ",0.03,2,Canada,iHerb,,,,,
11/30/2020,Creatine,Performance,170,41.53," ? 7,060.10 ",0.11,1,UK,Amazon,,,,,
11/30/2020,Zinc,Mineral,143,56.81," ? 8,123.83 ",0.24,0,UK,iHerb,,,,,
11/30/2020,Collagen Peptides,Protein,166,22.64," ? 3,758.24 ",0.02,1,UK,Amazon,,,,,
11/30/2020,Magnesium,Mineral,170,46.05," ? 7,828.50 ",0.06,2,USA,Walmart,,,,,
11/30/2020,Ashwagandha,Herbal,154,51.15," ? 7,877.10 ",0.06,2,UK,Walmart,,,,,
11/30/2020,Melatonin,Sleep Aid,147,15.37," ? 2,259.39 ",0,3,Canada,Walmart,,,,,
11/30/2020,Biotin,Vitamin,141,59.97," ? 8,455.77 ",0.05,1,Canada,iHerb,,,,,
11/30/2020,Green Tea Extract,Fat Burner,170,49.76," ? 8,459.20 ",0.03,5,USA,Walmart,,,,,
11/30/2020,Iron Supplement,Mineral,184,24.97," ? 4,594.48 ",0.03,1,Canada,Walmart,,,,,
11/30/2020,Electrolyte Powder,Hydration,163,14.42," ? 2,350.46 ",0.09,5,USA,Amazon,,,,,
12/7/2020,Whey Protein,Protein,155,18.33," ? 2,841.15 ",0.25,3,USA,Walmart,,,,,
12/7/2020,Vitamin C,Vitamin,142,12.83," ? 1,821.86 ",0.03,1,UK,iHerb,,,,,
12/7/2020,Fish Oil,Omega,172,52.15," ? 8,969.80 ",0.11,2,USA,Amazon,,,,,
12/7/2020,Multivitamin,Vitamin,159,28.06," ? 4,461.54 ",0.16,0,Canada,Walmart,,,,,
12/7/2020,Pre-Workout,Performance,145,59.81," ? 8,672.45 ",0.12,2,USA,Amazon,,,,,
12/7/2020,BCAA,Amino Acid,148,39.77," ? 5,885.96 ",0.22,1,Canada,iHerb,,,,,
12/7/2020,Creatine,Performance,154,30.87," ? 4,753.98 ",0.04,0,Canada,Amazon,,,,,
12/7/2020,Zinc,Mineral,140,46.8," ? 6,552.00 ",0.08,1,UK,iHerb,,,,,
12/7/2020,Collagen Peptides,Protein,147,17.19," ? 2,526.93 ",0,0,Canada,Amazon,,,,,
12/7/2020,Magnesium,Mineral,153,35.9," ? 5,492.70 ",0,1,UK,Walmart,,,,,
12/7/2020,Ashwagandha,Herbal,158,46.61," ? 7,364.38 ",0.06,3,UK,Amazon,,,,,
12/7/2020,Melatonin,Sleep Aid,153,21.84," ? 3,341.52 ",0.16,3,USA,iHerb,,,,,
12/7/2020,Biotin,Vitamin,147,53.35," ? 7,842.45 ",0.17,1,Canada,Walmart,,,,,
12/7/2020,Green Tea Extract,Fat Burner,150,41.34," ? 6,201.00 ",0.09,5,Canada,iHerb,,,,,
12/7/2020,Iron Supplement,Mineral,149,38.29," ? 5,705.21 ",0.23,2,Canada,Amazon,,,,,
12/7/2020,Electrolyte Powder,Hydration,148,39.31," ? 5,817.88 ",0.12,0,UK,Walmart,,,,,
12/14/2020,Whey Protein,Protein,149,55.74," ? 8,305.26 ",0.08,4,UK,iHerb,,,,,
12/14/2020,Vitamin C,Vitamin,151,37.15," ? 5,609.65 ",0.03,1,USA,Amazon,,,,,
12/14/2020,Fish Oil,Omega,131,32.34," ? 4,236.54 ",0.19,0,Canada,Amazon,,,,,
12/14/2020,Multivitamin,Vitamin,136,56.33," ? 7,660.88 ",0.18,1,UK,Amazon,,,,,
12/14/2020,Pre-Workout,Performance,151,59.23," ? 8,943.73 ",0.17,1,Canada,iHerb,,,,,
12/14/2020,BCAA,Amino Acid,153,58.29," ? 8,918.37 ",0.04,2,USA,Walmart,,,,,
12/14/2020,Creatine,Performance,140,48.84," ? 6,837.60 ",0.17,2,USA,Amazon,,,,,
12/14/2020,Zinc,Mineral,168,26.55," ? 4,460.40 ",0.06,5,UK,Walmart,,,,,
12/14/2020,Collagen Peptides,Protein,146,44.24," ? 6,459.04 ",0.05,1,UK,Walmart,,,,,
12/14/2020,Magnesium,Mineral,142,21.72," ? 3,084.24 ",0,3,UK,iHerb,,,,,
12/14/2020,Ashwagandha,Herbal,185,26.93," ? 4,982.05 ",0,2,USA,Amazon,,,,,
12/14/2020,Melatonin,Sleep Aid,163,17.98," ? 2,930.74 ",0.2,2,Canada,iHerb,,,,,
12/14/2020,Biotin,Vitamin,143,48.49," ? 6,934.07 ",0.2,1,USA,iHerb,,,,,
12/14/2020,Green Tea Extract,Fat Burner,177,48.59," ? 8,600.43 ",0.12,4,Canada,iHerb,,,,,
12/14/2020,Iron Supplement,Mineral,169,56.82," ? 9,602.58 ",0.21,3,UK,iHerb,,,,,
12/14/2020,Electrolyte Powder,Hydration,138,52.51," ? 7,246.38 ",0.07,4,USA,Amazon,,,,,
12/21/2020,Whey Protein,Protein,122,36.88," ? 4,499.36 ",0.14,1,Canada,iHerb,,,,,
12/21/2020,Vitamin C,Vitamin,120,10.7," ? 1,284.00 ",0.14,3,Canada,Walmart,,,,,
12/21/2020,Fish Oil,Omega,156,10.66," ? 1,662.96 ",0.14,1,UK,Walmart,,,,,
12/21/2020,Multivitamin,Vitamin,150,44.22," ? 6,633.00 ",0.13,2,USA,Walmart,,,,,
12/21/2020,Pre-Workout,Performance,149,42.41," ? 6,319.09 ",0.04,3,USA,Walmart,,,,,
12/21/2020,BCAA,Amino Acid,154,58.12," ? 8,950.48 ",0.13,0,UK,Amazon,,,,,
12/21/2020,Creatine,Performance,154,50.18," ? 7,727.72 ",0.2,4,UK,iHerb,,,,,
12/21/2020,Zinc,Mineral,150,47.67," ? 7,150.50 ",0.03,1,Canada,iHerb,,,,,
12/21/2020,Collagen Peptides,Protein,152,30.9," ? 4,696.80 ",0.21,3,USA,Amazon,,,,,
12/21/2020,Magnesium,Mineral,131,23.13," ? 3,030.03 ",0.22,0,Canada,iHerb,,,,,
12/21/2020,Ashwagandha,Herbal,158,41.16," ? 6,503.28 ",0.09,2,USA,iHerb,,,,,
12/21/2020,Melatonin,Sleep Aid,140,21.78," ? 3,049.20 ",0.18,3,Canada,Amazon,,,,,
12/21/2020,Biotin,Vitamin,134,39.68," ? 5,317.12 ",0.03,1,UK,iHerb,,,,,
12/21/2020,Green Tea Extract,Fat Burner,136,47.94," ? 6,519.84 ",0.03,1,USA,Walmart,,,,,
12/21/2020,Iron Supplement,Mineral,150,36.78," ? 5,517.00 ",0.1,3,UK,Amazon,,,,,
12/21/2020,Electrolyte Powder,Hydration,150,34.52," ? 5,178.00 ",0.21,3,UK,Amazon,,,,,
12/28/2020,Whey Protein,Protein,146,34.6," ? 5,051.60 ",0.14,1,USA,Amazon,,,,,
12/28/2020,Vitamin C,Vitamin,161,26.7," ? 4,298.70 ",0.03,1,UK,Amazon,,,,,
12/28/2020,Fish Oil,Omega,177,18.44," ? 3,263.88 ",0.12,1,Canada,iHerb,,,,,
12/28/2020,Multivitamin,Vitamin,151,27.83," ? 4,202.33 ",0.11,4,USA,Amazon,,,,,
12/28/2020,Pre-Workout,Performance,146,22.17," ? 3,236.82 ",0.11,2,Canada,Walmart,,,,,
12/28/2020,BCAA,Amino Acid,138,11.06," ? 1,526.28 ",0.1,2,UK,iHerb,,,,,
12/28/2020,Creatine,Performance,144,20.25," ? 2,916.00 ",0.19,0,USA,iHerb,,,,,
12/28/2020,Zinc,Mineral,165,53.72," ? 8,863.80 ",0.09,2,USA,Amazon,,,,,
12/28/2020,Collagen Peptides,Protein,143,16.33," ? 2,335.19 ",0.04,1,Canada,Amazon,,,,,
12/28/2020,Magnesium,Mineral,129,57.19," ? 7,377.51 ",0.24,1,Canada,Walmart,,,,,
12/28/2020,Ashwagandha,Herbal,172,23.49," ? 4,040.28 ",0.18,2,UK,Amazon,,,,,
12/28/2020,Melatonin,Sleep Aid,156,15.68," ? 2,446.08 ",0,7,UK,Walmart,,,,,
12/28/2020,Biotin,Vitamin,162,35.49," ? 5,749.38 ",0.08,0,USA,Amazon,,,,,
12/28/2020,Green Tea Extract,Fat Burner,142,47.82," ? 6,790.44 ",0.13,0,USA,Amazon,,,,,
12/28/2020,Iron Supplement,Mineral,147,41.87," ? 6,154.89 ",0.2,1,USA,Walmart,,,,,
12/28/2020,Electrolyte Powder,Hydration,145,53.8," ? 7,801.00 ",0.2,0,USA,iHerb,,,,,
1/4/2021,Whey Protein,Protein,150,41.25," ? 6,187.50 ",0.24,2,UK,iHerb,,,,,
1/4/2021,Vitamin C,Vitamin,151,13.15," ? 1,985.65 ",0.05,0,Canada,iHerb,,,,,
1/4/2021,Fish Oil,Omega,159,16.8," ? 2,671.20 ",0.21,0,UK,Amazon,,,,,
1/4/2021,Multivitamin,Vitamin,143,28.62," ? 4,092.66 ",0.06,1,USA,iHerb,,,,,
1/4/2021,Pre-Workout,Performance,147,12.8," ? 1,881.60 ",0.04,0,UK,iHerb,,,,,
1/4/2021,BCAA,Amino Acid,154,51.82," ? 7,980.28 ",0.13,1,UK,iHerb,,,,,
1/4/2021,Creatine,Performance,152,19.88," ? 3,021.76 ",0.08,2,USA,Walmart,,,,,
1/4/2021,Zinc,Mineral,139,58.51," ? 8,132.89 ",0.01,2,USA,iHerb,,,,,
1/4/2021,Collagen Peptides,Protein,161,16.78," ? 2,701.58 ",0.04,2,UK,iHerb,,,,,
1/4/2021,Magnesium,Mineral,155,56.87," ? 8,814.85 ",0.17,0,Canada,Walmart,,,,,
1/4/2021,Ashwagandha,Herbal,140,20.47," ? 2,865.80 ",0.02,2,USA,Amazon,,,,,
1/4/2021,Melatonin,Sleep Aid,146,42.51," ? 6,206.46 ",0.02,4,UK,Amazon,,,,,
1/4/2021,Biotin,Vitamin,141,30.11," ? 4,245.51 ",0.01,1,USA,iHerb,,,,,
1/4/2021,Green Tea Extract,Fat Burner,133,27.54," ? 3,662.82 ",0.19,2,UK,Amazon,,,,,
1/4/2021,Iron Supplement,Mineral,136,28.67," ? 3,899.12 ",0.04,2,UK,Walmart,,,,,
1/4/2021,Electrolyte Powder,Hydration,158,28.34," ? 4,477.72 ",0.03,2,Canada,iHerb,,,,,
1/11/2021,Whey Protein,Protein,161,38.93," ? 6,267.73 ",0.23,2,USA,iHerb,,,,,
1/11/2021,Vitamin C,Vitamin,137,52.16," ? 7,145.92 ",0.16,2,UK,Amazon,,,,,
1/11/2021,Fish Oil,Omega,171,37.21," ? 6,362.91 ",0.19,3,Canada,Walmart,,,,,
1/11/2021,Multivitamin,Vitamin,154,49.87," ? 7,679.98 ",0.18,0,UK,iHerb,,,,,
1/11/2021,Pre-Workout,Performance,149,26.87," ? 4,003.63 ",0,1,Canada,Amazon,,,,,
1/11/2021,BCAA,Amino Acid,152,43.17," ? 6,561.84 ",0.21,0,Canada,Walmart,,,,,
1/11/2021,Creatine,Performance,133,17.83," ? 2,371.39 ",0.24,2,Canada,Walmart,,,,,
1/11/2021,Zinc,Mineral,131,41.91," ? 5,490.21 ",0.09,3,UK,iHerb,,,,,
1/11/2021,Collagen Peptides,Protein,126,39.54," ? 4,982.04 ",0.16,0,Canada,Walmart,,,,,
1/11/2021,Magnesium,Mineral,145,19.75," ? 2,863.75 ",0.21,1,USA,iHerb,,,,,
1/11/2021,Ashwagandha,Herbal,160,20.38," ? 3,260.80 ",0.14,3,USA,iHerb,,,,,
1/11/2021,Melatonin,Sleep Aid,148,32.61," ? 4,826.28 ",0.04,1,USA,Amazon,,,,,
1/11/2021,Biotin,Vitamin,178,53.4," ? 9,505.20 ",0.22,1,Canada,Walmart,,,,,
1/11/2021,Green Tea Extract,Fat Burner,129,25.58," ? 3,299.82 ",0.2,1,USA,Walmart,,,,,
1/11/2021,Iron Supplement,Mineral,149,29.12," ? 4,338.88 ",0.11,1,USA,iHerb,,,,,
1/11/2021,Electrolyte Powder,Hydration,145,50.44," ? 7,313.80 ",0.09,1,USA,Amazon,,,,,
1/18/2021,Whey Protein,Protein,156,23.88," ? 3,725.28 ",0.23,2,Canada,Walmart,,,,,
1/18/2021,Vitamin C,Vitamin,153,11.46," ? 1,753.38 ",0.15,1,USA,Walmart,,,,,
1/18/2021,Fish Oil,Omega,152,14.07," ? 2,138.64 ",0.05,4,USA,Amazon,,,,,
1/18/2021,Multivitamin,Vitamin,147,12.64," ? 1,858.08 ",0.01,2,UK,iHerb,,,,,
1/18/2021,Pre-Workout,Performance,151,22.16," ? 3,346.16 ",0.19,0,Canada,Amazon,,,,,
1/18/2021,BCAA,Amino Acid,138,24.31," ? 3,354.78 ",0.06,2,USA,iHerb,,,,,
1/18/2021,Creatine,Performance,155,30.89," ? 4,787.95 ",0.02,1,UK,Walmart,,,,,
1/18/2021,Zinc,Mineral,158,35.91," ? 5,673.78 ",0.01,2,UK,iHerb,,,,,
1/18/2021,Collagen Peptides,Protein,151,57.25," ? 8,644.75 ",0.17,0,Canada,Amazon,,,,,
1/18/2021,Magnesium,Mineral,149,33.49," ? 4,990.01 ",0.11,2,USA,Walmart,,,,,
1/18/2021,Ashwagandha,Herbal,145,35.19," ? 5,102.55 ",0.21,2,USA,Amazon,,,,,
1/18/2021,Melatonin,Sleep Aid,144,55.61," ? 8,007.84 ",0.05,0,Canada,Amazon,,,,,
1/18/2021,Biotin,Vitamin,159,58.39," ? 9,284.01 ",0.22,2,UK,iHerb,,,,,
1/18/2021,Green Tea Extract,Fat Burner,151,22.33," ? 3,371.83 ",0.11,2,USA,Walmart,,,,,
1/18/2021,Iron Supplement,Mineral,152,23.99," ? 3,646.48 ",0.14,0,USA,Walmart,,,,,
1/18/2021,Electrolyte Powder,Hydration,147,44.67," ? 6,566.49 ",0.25,1,UK,iHerb,,,,,
1/25/2021,Whey Protein,Protein,150,32.03," ? 4,804.50 ",0.21,2,Canada,iHerb,,,,,
1/25/2021,Vitamin C,Vitamin,167,53.67," ? 8,962.89 ",0.01,3,UK,Amazon,,,,,
1/25/2021,Fish Oil,Omega,144,35.6," ? 5,126.40 ",0.24,0,UK,Walmart,,,,,
1/25/2021,Multivitamin,Vitamin,145,29.8," ? 4,321.00 ",0.05,1,UK,Amazon,,,,,
1/25/2021,Pre-Workout,Performance,146,48.1," ? 7,022.60 ",0.13,5,USA,Amazon,,,,,
1/25/2021,BCAA,Amino Acid,149,23.11," ? 3,443.39 ",0.11,0,USA,iHerb,,,,,
1/25/2021,Creatine,Performance,177,23.41," ? 4,143.57 ",0.15,2,Canada,iHerb,,,,,
1/25/2021,Zinc,Mineral,150,38.11," ? 5,716.50 ",0.14,0,UK,Walmart,,,,,
1/25/2021,Collagen Peptides,Protein,134,23.44," ? 3,140.96 ",0.01,2,Canada,Amazon,,,,,
1/25/2021,Magnesium,Mineral,151,34.21," ? 5,165.71 ",0.02,1,USA,Walmart,,,,,
1/25/2021,Ashwagandha,Herbal,147,55.33," ? 8,133.51 ",0.05,2,UK,Amazon,,,,,
1/25/2021,Melatonin,Sleep Aid,147,27.36," ? 4,021.92 ",0.07,2,UK,iHerb,,,,,
1/25/2021,Biotin,Vitamin,177,50.57," ? 8,950.89 ",0.01,2,USA,Walmart,,,,,
1/25/2021,Green Tea Extract,Fat Burner,160,51.19," ? 8,190.40 ",0.16,4,USA,Amazon,,,,,
1/25/2021,Iron Supplement,Mineral,151,36.41," ? 5,497.91 ",0.03,2,USA,iHerb,,,,,
1/25/2021,Electrolyte Powder,Hydration,149,10.5," ? 1,564.50 ",0.05,1,Canada,iHerb,,,,,
2/1/2021,Whey Protein,Protein,178,31.22," ? 5,557.16 ",0.18,2,Canada,Amazon,,,,,
2/1/2021,Vitamin C,Vitamin,143,20.88," ? 2,985.84 ",0.24,0,UK,Walmart,,,,,
2/1/2021,Fish Oil,Omega,145,21.09," ? 3,058.05 ",0.2,0,UK,Amazon,,,,,
2/1/2021,Multivitamin,Vitamin,129,10.5," ? 1,354.50 ",0.02,2,UK,iHerb,,,,,
2/1/2021,Pre-Workout,Performance,165,12.62," ? 2,082.30 ",0.2,3,UK,iHerb,,,,,
2/1/2021,BCAA,Amino Acid,162,21.65," ? 3,507.30 ",0.21,2,USA,iHerb,,,,,
2/1/2021,Creatine,Performance,139,49.63," ? 6,898.57 ",0.05,0,Canada,Walmart,,,,,
2/1/2021,Zinc,Mineral,164,52.08," ? 8,541.12 ",0.14,3,USA,iHerb,,,,,
2/1/2021,Collagen Peptides,Protein,172,13.77," ? 2,368.44 ",0.06,2,USA,Walmart,,,,,
2/1/2021,Magnesium,Mineral,167,40.35," ? 6,738.45 ",0.05,3,Canada,Walmart,,,,,
2/1/2021,Ashwagandha,Herbal,186,34.74," ? 6,461.64 ",0.02,2,Canada,Walmart,,,,,
2/1/2021,Melatonin,Sleep Aid,150,32.1," ? 4,815.00 ",0.08,1,UK,Walmart,,,,,
2/1/2021,Biotin,Vitamin,153,48.05," ? 7,351.65 ",0.18,1,UK,Walmart,,,,,
2/1/2021,Green Tea Extract,Fat Burner,179,26.18," ? 4,686.22 ",0.05,2,Canada,iHerb,,,,,
2/1/2021,Iron Supplement,Mineral,136,44.85," ? 6,099.60 ",0.14,1,USA,Amazon,,,,,
2/1/2021,Electrolyte Powder,Hydration,147,10.29," ? 1,512.63 ",0.02,3,Canada,Amazon,,,,,
2/8/2021,Whey Protein,Protein,129,56," ? 7,224.00 ",0.07,1,UK,Walmart,,,,,
2/8/2021,Vitamin C,Vitamin,152,57.1," ? 8,679.20 ",0.18,0,Canada,iHerb,,,,,
2/8/2021,Fish Oil,Omega,156,33.54," ? 5,232.24 ",0.01,0,Canada,iHerb,,,,,
2/8/2021,Multivitamin,Vitamin,161,25.08," ? 4,037.88 ",0.1,3,USA,Walmart,,,,,
2/8/2021,Pre-Workout,Performance,159,15.88," ? 2,524.92 ",0.06,3,Canada,Walmart,,,,,
2/8/2021,BCAA,Amino Acid,153,39.82," ? 6,092.46 ",0.09,3,UK,iHerb,,,,,
2/8/2021,Creatine,Performance,151,16.45," ? 2,483.95 ",0.13,4,USA,Walmart,,,,,
2/8/2021,Zinc,Mineral,143,48.2," ? 6,892.60 ",0.06,0,UK,Amazon,,,,,
2/8/2021,Collagen Peptides,Protein,131,19.98," ? 2,617.38 ",0.09,1,Canada,Amazon,,,,,
2/8/2021,Magnesium,Mineral,158,30.32," ? 4,790.56 ",0.12,2,Canada,Walmart,,,,,
2/8/2021,Ashwagandha,Herbal,163,50.39," ? 8,213.57 ",0.17,2,USA,iHerb,,,,,
2/8/2021,Melatonin,Sleep Aid,157,16.92," ? 2,656.44 ",0.17,1,USA,Walmart,,,,,
2/8/2021,Biotin,Vitamin,155,55.34," ? 8,577.70 ",0.15,0,Canada,Amazon,,,,,
2/8/2021,Green Tea Extract,Fat Burner,148,49.71," ? 7,357.08 ",0.12,3,UK,Walmart,,,,,
2/8/2021,Iron Supplement,Mineral,141,54.93," ? 7,745.13 ",0.22,2,USA,iHerb,,,,,
2/8/2021,Electrolyte Powder,Hydration,165,53.25," ? 8,786.25 ",0.08,0,UK,iHerb,,,,,
2/15/2021,Whey Protein,Protein,140,22.56," ? 3,158.40 ",0.08,0,USA,Walmart,,,,,
2/15/2021,Vitamin C,Vitamin,142,32.09," ? 4,556.78 ",0.09,2,Canada,iHerb,,,,,
2/15/2021,Fish Oil,Omega,168,26.6," ? 4,468.80 ",0.19,0,UK,Walmart,,,,,
2/15/2021,Multivitamin,Vitamin,134,50.39," ? 6,752.26 ",0.06,0,USA,Amazon,,,,,
2/15/2021,Pre-Workout,Performance,134,41.69," ? 5,586.46 ",0.06,1,UK,Walmart,,,,,
2/15/2021,BCAA,Amino Acid,151,21.66," ? 3,270.66 ",0.22,1,Canada,Amazon,,,,,
2/15/2021,Creatine,Performance,157,28.63," ? 4,494.91 ",0.09,2,Canada,iHerb,,,,,
2/15/2021,Zinc,Mineral,128,20.89," ? 2,673.92 ",0.17,2,UK,Amazon,,,,,
2/15/2021,Collagen Peptides,Protein,152,43.09," ? 6,549.68 ",0.09,3,Canada,Walmart,,,,,
2/15/2021,Magnesium,Mineral,142,47.27," ? 6,712.34 ",0.09,1,Canada,Walmart,,,,,
2/15/2021,Ashwagandha,Herbal,149,56.5," ? 8,418.50 ",0.14,2,UK,Amazon,,,,,
2/15/2021,Melatonin,Sleep Aid,169,21.6," ? 3,650.40 ",0.18,3,USA,iHerb,,,,,
2/15/2021,Biotin,Vitamin,165,14.47," ? 2,387.55 ",0.11,1,USA,Walmart,,,,,
2/15/2021,Green Tea Extract,Fat Burner,142,13.78," ? 1,956.76 ",0.21,1,Canada,Walmart,,,,,
2/15/2021,Iron Supplement,Mineral,153,26.87," ? 4,111.11 ",0.02,4,Canada,iHerb,,,,,
2/15/2021,Electrolyte Powder,Hydration,162,21.18," ? 3,431.16 ",0.23,1,USA,iHerb,,,,,
2/22/2021,Whey Protein,Protein,136,57.19," ? 7,777.84 ",0,0,Canada,Walmart,,,,,
2/22/2021,Vitamin C,Vitamin,174,15.66," ? 2,724.84 ",0.14,3,UK,iHerb,,,,,
2/22/2021,Fish Oil,Omega,156,59.64," ? 9,303.84 ",0.1,1,USA,Amazon,,,,,
2/22/2021,Multivitamin,Vitamin,152,14.32," ? 2,176.64 ",0,1,Canada,iHerb,,,,,
2/22/2021,Pre-Workout,Performance,164,59.96," ? 9,833.44 ",0.07,1,UK,Walmart,,,,,
2/22/2021,BCAA,Amino Acid,136,24.26," ? 3,299.36 ",0.2,3,UK,iHerb,,,,,
2/22/2021,Creatine,Performance,167,15.64," ? 2,611.88 ",0.22,2,USA,Walmart,,,,,
2/22/2021,Zinc,Mineral,136,24.36," ? 3,312.96 ",0.18,1,UK,Walmart,,,,,
2/22/2021,Collagen Peptides,Protein,145,35.16," ? 5,098.20 ",0.08,2,UK,Walmart,,,,,
2/22/2021,Magnesium,Mineral,162,37.53," ? 6,079.86 ",0.21,1,USA,iHerb,,,,,
2/22/2021,Ashwagandha,Herbal,146,33.37," ? 4,872.02 ",0.07,4,USA,Walmart,,,,,
2/22/2021,Melatonin,Sleep Aid,143,36.34," ? 5,196.62 ",0.01,0,Canada,iHerb,,,,,
2/22/2021,Biotin,Vitamin,139,31.66," ? 4,400.74 ",0.2,2,UK,iHerb,,,,,
2/22/2021,Green Tea Extract,Fat Burner,147,25.82," ? 3,795.54 ",0.19,0,UK,Walmart,,,,,
2/22/2021,Iron Supplement,Mineral,149,21.78," ? 3,245.22 ",0.23,3,UK,iHerb,,,,,
2/22/2021,Electrolyte Powder,Hydration,158,36.02," ? 5,691.16 ",0.24,4,UK,Amazon,,,,,
3/1/2021,Whey Protein,Protein,139,19.86," ? 2,760.54 ",0.05,2,Canada,Walmart,,,,,
3/1/2021,Vitamin C,Vitamin,147,14.45," ? 2,124.15 ",0.13,3,USA,iHerb,,,,,
3/1/2021,Fish Oil,Omega,169,28.33," ? 4,787.77 ",0.15,0,UK,Amazon,,,,,
3/1/2021,Multivitamin,Vitamin,136,14.27," ? 1,940.72 ",0.23,0,UK,Walmart,,,,,
3/1/2021,Pre-Workout,Performance,147,39.95," ? 5,872.65 ",0.02,0,Canada,iHerb,,,,,
3/1/2021,BCAA,Amino Acid,173,49.06," ? 8,487.38 ",0,1,UK,Walmart,,,,,
3/1/2021,Creatine,Performance,155,55.48," ? 8,599.40 ",0.16,0,Canada,iHerb,,,,,
3/1/2021,Zinc,Mineral,128,25.17," ? 3,221.76 ",0.1,0,UK,Walmart,,,,,
3/1/2021,Collagen Peptides,Protein,153,35.15," ? 5,377.95 ",0.02,2,USA,Amazon,,,,,
3/1/2021,Magnesium,Mineral,144,31.73," ? 4,569.12 ",0.05,0,Canada,Walmart,,,,,
3/1/2021,Ashwagandha,Herbal,160,48.36," ? 7,737.60 ",0.05,1,UK,Walmart,,,,,
3/1/2021,Melatonin,Sleep Aid,149,56.59," ? 8,431.91 ",0.05,1,UK,Amazon,,,,,
3/1/2021,Biotin,Vitamin,135,33.03," ? 4,459.05 ",0.23,3,Canada,Amazon,,,,,
3/1/2021,Green Tea Extract,Fat Burner,146,54.81," ? 8,002.26 ",0.2,0,USA,Walmart,,,,,
3/1/2021,Iron Supplement,Mineral,143,21.49," ? 3,073.07 ",0.05,0,UK,Walmart,,,,,
3/1/2021,Electrolyte Powder,Hydration,155,12.62," ? 1,956.10 ",0.06,3,Canada,Walmart,,,,,
3/8/2021,Whey Protein,Protein,165,30.8," ? 5,082.00 ",0.24,1,UK,Amazon,,,,,
3/8/2021,Vitamin C,Vitamin,139,18.64," ? 2,590.96 ",0.09,3,USA,Amazon,,,,,
3/8/2021,Fish Oil,Omega,154,56.72," ? 8,734.88 ",0.01,0,UK,iHerb,,,,,
3/8/2021,Multivitamin,Vitamin,152,11.98," ? 1,820.96 ",0.1,2,UK,Walmart,,,,,
3/8/2021,Pre-Workout,Performance,157,26.03," ? 4,086.71 ",0.02,1,USA,iHerb,,,,,
3/8/2021,BCAA,Amino Acid,149,48.32," ? 7,199.68 ",0.12,1,UK,Amazon,,,,,
3/8/2021,Creatine,Performance,162,43.65," ? 7,071.30 ",0.01,2,UK,Walmart,,,,,
3/8/2021,Zinc,Mineral,160,21.43," ? 3,428.80 ",0.22,0,UK,iHerb,,,,,
3/8/2021,Collagen Peptides,Protein,159,32.34," ? 5,142.06 ",0,3,USA,Amazon,,,,,
3/8/2021,Magnesium,Mineral,145,43.87," ? 6,361.15 ",0.18,4,UK,Amazon,,,,,
3/8/2021,Ashwagandha,Herbal,151,57.69," ? 8,711.19 ",0.16,1,UK,iHerb,,,,,
3/8/2021,Melatonin,Sleep Aid,134,28.11," ? 3,766.74 ",0.17,1,USA,iHerb,,,,,
3/8/2021,Biotin,Vitamin,138,13.03," ? 1,798.14 ",0.1,1,USA,iHerb,,,,,
3/8/2021,Green Tea Extract,Fat Burner,148,51.4," ? 7,607.20 ",0.19,0,UK,Amazon,,,,,
3/8/2021,Iron Supplement,Mineral,138,56.74," ? 7,830.12 ",0.21,3,USA,iHerb,,,,,
3/8/2021,Electrolyte Powder,Hydration,143,33.54," ? 4,796.22 ",0.04,0,Canada,iHerb,,,,,
3/15/2021,Whey Protein,Protein,177,22," ? 3,894.00 ",0.02,4,USA,Amazon,,,,,
3/15/2021,Vitamin C,Vitamin,153,55.58," ? 8,503.74 ",0.09,2,UK,Walmart,,,,,
3/15/2021,Fish Oil,Omega,118,51.56," ? 6,084.08 ",0.19,1,Canada,iHerb,,,,,
3/15/2021,Multivitamin,Vitamin,146,10.01," ? 1,461.46 ",0.06,0,USA,iHerb,,,,,
3/15/2021,Pre-Workout,Performance,141,23.98," ? 3,381.18 ",0.05,1,Canada,Walmart,,,,,
3/15/2021,BCAA,Amino Acid,166,13.93," ? 2,312.38 ",0.09,2,UK,iHerb,,,,,
3/15/2021,Creatine,Performance,152,57.98," ? 8,812.96 ",0.2,2,USA,Amazon,,,,,
3/15/2021,Zinc,Mineral,150,59.22," ? 8,883.00 ",0.1,0,Canada,iHerb,,,,,
3/15/2021,Collagen Peptides,Protein,156,39.29," ? 6,129.24 ",0.15,1,UK,Walmart,,,,,
3/15/2021,Magnesium,Mineral,164,32.43," ? 5,318.52 ",0.13,2,Canada,Amazon,,,,,
3/15/2021,Ashwagandha,Herbal,161,42.3," ? 6,810.30 ",0.04,4,UK,Amazon,,,,,
3/15/2021,Melatonin,Sleep Aid,146,11.02," ? 1,608.92 ",0.05,1,Canada,Amazon,,,,,
3/15/2021,Biotin,Vitamin,167,56.49," ? 9,433.83 ",0.12,1,USA,iHerb,,,,,
3/15/2021,Green Tea Extract,Fat Burner,133,22.35," ? 2,972.55 ",0.22,3,UK,Walmart,,,,,
3/15/2021,Iron Supplement,Mineral,176,43.85," ? 7,717.60 ",0.19,0,UK,Amazon,,,,,
3/15/2021,Electrolyte Powder,Hydration,154,34.88," ? 5,371.52 ",0.04,0,Canada,iHerb,,,,,
3/22/2021,Whey Protein,Protein,145,41.16," ? 5,968.20 ",0.02,1,UK,Walmart,,,,,
3/22/2021,Vitamin C,Vitamin,137,41.87," ? 5,736.19 ",0.14,2,USA,Walmart,,,,,
3/22/2021,Fish Oil,Omega,144,31.64," ? 4,556.16 ",0.12,2,UK,Amazon,,,,,
3/22/2021,Multivitamin,Vitamin,154,14.29," ? 2,200.66 ",0.02,3,UK,Walmart,,,,,
3/22/2021,Pre-Workout,Performance,157,27.84," ? 4,370.88 ",0.15,3,UK,Amazon,,,,,
3/22/2021,BCAA,Amino Acid,120,54.49," ? 6,538.80 ",0,0,UK,Walmart,,,,,
3/22/2021,Creatine,Performance,141,11.41," ? 1,608.81 ",0.06,3,Canada,Walmart,,,,,
3/22/2021,Zinc,Mineral,147,55.91," ? 8,218.77 ",0.1,0,Canada,Amazon,,,,,
3/22/2021,Collagen Peptides,Protein,151,50.22," ? 7,583.22 ",0.02,2,USA,Amazon,,,,,
3/22/2021,Magnesium,Mineral,152,16.12," ? 2,450.24 ",0.13,3,UK,Walmart,,,,,
3/22/2021,Ashwagandha,Herbal,147,13.52," ? 1,987.44 ",0.07,1,UK,iHerb,,,,,
3/22/2021,Melatonin,Sleep Aid,176,33.04," ? 5,815.04 ",0.17,0,Canada,iHerb,,,,,
3/22/2021,Biotin,Vitamin,149,53.34," ? 7,947.66 ",0.16,2,UK,Walmart,,,,,
3/22/2021,Green Tea Extract,Fat Burner,134,16.63," ? 2,228.42 ",0.19,1,Canada,Amazon,,,,,
3/22/2021,Iron Supplement,Mineral,173,47.69," ? 8,250.37 ",0.05,1,UK,iHerb,,,,,
3/22/2021,Electrolyte Powder,Hydration,154,15.2," ? 2,340.80 ",0.24,3,USA,Amazon,,,,,
3/29/2021,Whey Protein,Protein,141,35.92," ? 5,064.72 ",0.12,1,Canada,Amazon,,,,,
3/29/2021,Vitamin C,Vitamin,153,30.55," ? 4,674.15 ",0.16,2,Canada,Walmart,,,,,
3/29/2021,Fish Oil,Omega,158,52.99," ? 8,372.42 ",0.11,1,USA,Amazon,,,,,
3/29/2021,Multivitamin,Vitamin,140,54.34," ? 7,607.60 ",0.09,2,UK,Walmart,,,,,
3/29/2021,Pre-Workout,Performance,131,59.58," ? 7,804.98 ",0.19,0,UK,Walmart,,,,,
3/29/2021,BCAA,Amino Acid,150,30.48," ? 4,572.00 ",0.2,2,UK,iHerb,,,,,
3/29/2021,Creatine,Performance,140,39.63," ? 5,548.20 ",0.09,1,USA,iHerb,,,,,
3/29/2021,Zinc,Mineral,154,34.32," ? 5,285.28 ",0.13,0,UK,Amazon,,,,,
3/29/2021,Collagen Peptides,Protein,162,16.55," ? 2,681.10 ",0.19,4,Canada,Walmart,,,,,
3/29/2021,Magnesium,Mineral,177,16.78," ? 2,970.06 ",0.13,0,USA,iHerb,,,,,
3/29/2021,Ashwagandha,Herbal,173,22.64," ? 3,916.72 ",0.1,1,Canada,Walmart,,,,,
3/29/2021,Melatonin,Sleep Aid,161,18.54," ? 2,984.94 ",0.07,1,UK,iHerb,,,,,
3/29/2021,Biotin,Vitamin,135,38.29," ? 5,169.15 ",0.18,3,UK,iHerb,,,,,
3/29/2021,Green Tea Extract,Fat Burner,140,25.11," ? 3,515.40 ",0.22,4,USA,iHerb,,,,,
3/29/2021,Iron Supplement,Mineral,165,57.37," ? 9,466.05 ",0.11,0,UK,iHerb,,,,,
3/29/2021,Electrolyte Powder,Hydration,148,37.19," ? 5,504.12 ",0.08,1,USA,Amazon,,,,,
4/5/2021,Whey Protein,Protein,154,43.1," ? 6,637.40 ",0.11,3,UK,Amazon,,,,,
4/5/2021,Vitamin C,Vitamin,169,36.6," ? 6,185.40 ",0.07,0,Canada,iHerb,,,,,
4/5/2021,Fish Oil,Omega,156,18.15," ? 2,831.40 ",0.2,3,UK,Amazon,,,,,
4/5/2021,Multivitamin,Vitamin,170,55.2," ? 9,384.00 ",0.08,2,Canada,Amazon,,,,,
4/5/2021,Pre-Workout,Performance,123,46.02," ? 5,660.46 ",0.11,0,UK,Amazon,,,,,
4/5/2021,BCAA,Amino Acid,138,10.02," ? 1,382.76 ",0.2,0,Canada,Walmart,,,,,
4/5/2021,Creatine,Performance,138,34.24," ? 4,725.12 ",0.09,1,Canada,Walmart,,,,,
4/5/2021,Zinc,Mineral,166,14.73," ? 2,445.18 ",0.19,2,USA,iHerb,,,,,
4/5/2021,Collagen Peptides,Protein,152,17.02," ? 2,587.04 ",0.16,0,Canada,iHerb,,,,,
4/5/2021,Magnesium,Mineral,150,24.18," ? 3,627.00 ",0.24,3,UK,iHerb,,,,,
4/5/2021,Ashwagandha,Herbal,158,15.31," ? 2,418.98 ",0.12,0,Canada,Amazon,,,,,
4/5/2021,Melatonin,Sleep Aid,149,41.97," ? 6,253.53 ",0.03,1,Canada,iHerb,,,,,
4/5/2021,Biotin,Vitamin,142,12.03," ? 1,708.26 ",0.23,3,UK,Amazon,,,,,
4/5/2021,Green Tea Extract,Fat Burner,142,11.56," ? 1,641.52 ",0.24,1,UK,Amazon,,,,,
4/5/2021,Iron Supplement,Mineral,143,13.32," ? 1,904.76 ",0.25,0,Canada,iHerb,,,,,
4/5/2021,Electrolyte Powder,Hydration,156,57.45," ? 8,962.20 ",0.06,1,Canada,Amazon,,,,,
4/12/2021,Whey Protein,Protein,149,13.4," ? 1,996.60 ",0.05,0,USA,iHerb,,,,,
4/12/2021,Vitamin C,Vitamin,159,38.67," ? 6,148.53 ",0.05,3,USA,iHerb,,,,,
4/12/2021,Fish Oil,Omega,175,27.62," ? 4,833.50 ",0.06,0,Canada,iHerb,,,,,
4/12/2021,Multivitamin,Vitamin,141,36.68," ? 5,171.88 ",0.24,1,UK,Amazon,,,,,
4/12/2021,Pre-Workout,Performance,157,35.63," ? 5,593.91 ",0.07,1,Canada,Walmart,,,,,
4/12/2021,BCAA,Amino Acid,149,57.03," ? 8,497.47 ",0.08,0,UK,Walmart,,,,,
4/12/2021,Creatine,Performance,150,18.42," ? 2,763.00 ",0.19,5,Canada,iHerb,,,,,
4/12/2021,Zinc,Mineral,176,53.77," ? 9,463.52 ",0.18,1,USA,iHerb,,,,,
4/12/2021,Collagen Peptides,Protein,151,34.01," ? 5,135.51 ",0.09,1,Canada,Amazon,,,,,
4/12/2021,Magnesium,Mineral,153,55.05," ? 8,422.65 ",0.17,2,USA,iHerb,,,,,
4/12/2021,Ashwagandha,Herbal,131,16.05," ? 2,102.55 ",0.02,1,UK,Walmart,,,,,
4/12/2021,Melatonin,Sleep Aid,146,14.46," ? 2,111.16 ",0.11,0,Canada,Walmart,,,,,
4/12/2021,Biotin,Vitamin,157,14.74," ? 2,314.18 ",0.24,1,Canada,Walmart,,,,,
4/12/2021,Green Tea Extract,Fat Burner,147,11.23," ? 1,650.81 ",0.2,1,Canada,Walmart,,,,,
4/12/2021,Iron Supplement,Mineral,142,18.12," ? 2,573.04 ",0.22,2,UK,Walmart,,,,,
4/12/2021,Electrolyte Powder,Hydration,140,44.53," ? 6,234.20 ",0.14,1,USA,Amazon,,,,,
4/19/2021,Whey Protein,Protein,145,43.48," ? 6,304.60 ",0.24,0,Canada,Walmart,,,,,
4/19/2021,Vitamin C,Vitamin,153,32.33," ? 4,946.49 ",0.06,3,USA,Amazon,,,,,
4/19/2021,Fish Oil,Omega,149,25.24," ? 3,760.76 ",0.05,0,USA,iHerb,,,,,
4/19/2021,Multivitamin,Vitamin,158,44.5," ? 7,031.00 ",0.1,1,USA,Walmart,,,,,
4/19/2021,Pre-Workout,Performance,149,15.03," ? 2,239.47 ",0.08,2,Canada,Amazon,,,,,
4/19/2021,BCAA,Amino Acid,156,33.01," ? 5,149.56 ",0.05,1,UK,Walmart,,,,,
4/19/2021,Creatine,Performance,139,23.98," ? 3,333.22 ",0.03,2,USA,iHerb,,,,,
4/19/2021,Zinc,Mineral,128,42.24," ? 5,406.72 ",0.08,2,UK,iHerb,,,,,
4/19/2021,Collagen Peptides,Protein,152,42.54," ? 6,466.08 ",0.03,1,USA,Walmart,,,,,
4/19/2021,Magnesium,Mineral,148,40.2," ? 5,949.60 ",0.22,6,UK,Amazon,,,,,
4/19/2021,Ashwagandha,Herbal,154,21.26," ? 3,274.04 ",0.06,1,UK,Walmart,,,,,
4/19/2021,Melatonin,Sleep Aid,145,28.41," ? 4,119.45 ",0.09,1,Canada,iHerb,,,,,
4/19/2021,Biotin,Vitamin,164,40.71," ? 6,676.44 ",0.08,3,USA,iHerb,,,,,
4/19/2021,Green Tea Extract,Fat Burner,150,34.86," ? 5,229.00 ",0.17,0,Canada,Walmart,,,,,
4/19/2021,Iron Supplement,Mineral,166,27.15," ? 4,506.90 ",0.03,1,UK,Amazon,,,,,
4/19/2021,Electrolyte Powder,Hydration,150,43.93," ? 6,589.50 ",0.11,4,UK,Walmart,,,,,
4/26/2021,Whey Protein,Protein,153,15.47," ? 2,366.91 ",0.1,1,USA,Amazon,,,,,
4/26/2021,Vitamin C,Vitamin,152,13.92," ? 2,115.84 ",0.02,3,Canada,iHerb,,,,,
4/26/2021,Fish Oil,Omega,139,37.14," ? 5,162.46 ",0.21,0,Canada,Walmart,,,,,
4/26/2021,Multivitamin,Vitamin,134,57.32," ? 7,680.88 ",0.1,1,UK,iHerb,,,,,
4/26/2021,Pre-Workout,Performance,154,51.85," ? 7,984.90 ",0.25,0,UK,Amazon,,,,,
4/26/2021,BCAA,Amino Acid,133,51.03," ? 6,786.99 ",0.07,0,USA,Walmart,,,,,
4/26/2021,Creatine,Performance,161,28.47," ? 4,583.67 ",0.13,2,Canada,Walmart,,,,,
4/26/2021,Zinc,Mineral,158,40.63," ? 6,419.54 ",0.15,2,Canada,Amazon,,,,,
4/26/2021,Collagen Peptides,Protein,155,14.23," ? 2,205.65 ",0.03,1,UK,Amazon,,,,,
4/26/2021,Magnesium,Mineral,150,45.06," ? 6,759.00 ",0.2,1,Canada,iHerb,,,,,
4/26/2021,Ashwagandha,Herbal,147,19.59," ? 2,879.73 ",0.02,2,UK,Walmart,,,,,
4/26/2021,Melatonin,Sleep Aid,141,45.2," ? 6,373.20 ",0.24,1,UK,Amazon,,,,,
4/26/2021,Biotin,Vitamin,156,41.53," ? 6,478.68 ",0.11,0,Canada,Walmart,,,,,
4/26/2021,Green Tea Extract,Fat Burner,150,50.53," ? 7,579.50 ",0.18,2,Canada,Walmart,,,,,
4/26/2021,Iron Supplement,Mineral,133,35.02," ? 4,657.66 ",0.22,3,UK,Walmart,,,,,
4/26/2021,Electrolyte Powder,Hydration,151,47.32," ? 7,145.32 ",0,0,UK,iHerb,,,,,
5/3/2021,Whey Protein,Protein,153,55.83," ? 8,541.99 ",0.18,2,UK,Amazon,,,,,
5/3/2021,Vitamin C,Vitamin,146,16.01," ? 2,337.46 ",0.13,2,UK,Amazon,,,,,
5/3/2021,Fish Oil,Omega,147,36.09," ? 5,305.23 ",0.02,0,USA,Walmart,,,,,
5/3/2021,Multivitamin,Vitamin,164,54.74," ? 8,977.36 ",0.03,5,Canada,Amazon,,,,,
5/3/2021,Pre-Workout,Performance,139,59.87," ? 8,321.93 ",0.07,2,USA,Walmart,,,,,
5/3/2021,BCAA,Amino Acid,137,55.2," ? 7,562.40 ",0.08,2,UK,iHerb,,,,,
5/3/2021,Creatine,Performance,138,26.82," ? 3,701.16 ",0.05,1,Canada,Walmart,,,,,
5/3/2021,Zinc,Mineral,146,32.42," ? 4,733.32 ",0.08,2,USA,iHerb,,,,,
5/3/2021,Collagen Peptides,Protein,165,17.86," ? 2,946.90 ",0.17,2,UK,Amazon,,,,,
5/3/2021,Magnesium,Mineral,155,32.02," ? 4,963.10 ",0.23,2,USA,Walmart,,,,,
5/3/2021,Ashwagandha,Herbal,150,26.28," ? 3,942.00 ",0.25,2,UK,Walmart,,,,,
5/3/2021,Melatonin,Sleep Aid,120,41.17," ? 4,940.40 ",0.01,0,Canada,Amazon,,,,,
5/3/2021,Biotin,Vitamin,148,31.91," ? 4,722.68 ",0.07,0,USA,Amazon,,,,,
5/3/2021,Green Tea Extract,Fat Burner,157,20.01," ? 3,141.57 ",0.08,2,UK,Amazon,,,,,
5/3/2021,Iron Supplement,Mineral,128,13.66," ? 1,748.48 ",0.2,2,USA,Amazon,,,,,
5/3/2021,Electrolyte Powder,Hydration,160,43.47," ? 6,955.20 ",0.12,2,USA,Walmart,,,,,
5/10/2021,Whey Protein,Protein,161,27.88," ? 4,488.68 ",0.07,2,USA,Walmart,,,,,
5/10/2021,Vitamin C,Vitamin,157,27.12," ? 4,257.84 ",0.19,2,USA,iHerb,,,,,
5/10/2021,Fish Oil,Omega,167,35.88," ? 5,991.96 ",0.14,2,UK,Amazon,,,,,
5/10/2021,Multivitamin,Vitamin,184,12.67," ? 2,331.28 ",0.23,2,USA,iHerb,,,,,
5/10/2021,Pre-Workout,Performance,154,14.68," ? 2,260.72 ",0.19,2,UK,Walmart,,,,,
5/10/2021,BCAA,Amino Acid,143,51.89," ? 7,420.27 ",0.02,3,USA,iHerb,,,,,
5/10/2021,Creatine,Performance,141,56.8," ? 8,008.80 ",0.17,1,UK,Amazon,,,,,
5/10/2021,Zinc,Mineral,157,23.86," ? 3,746.02 ",0.25,2,Canada,Amazon,,,,,
5/10/2021,Collagen Peptides,Protein,155,12.46," ? 1,931.30 ",0.01,2,Canada,Walmart,,,,,
5/10/2021,Magnesium,Mineral,160,52.04," ? 8,326.40 ",0.01,1,Canada,Amazon,,,,,
5/10/2021,Ashwagandha,Herbal,140,13.62," ? 1,906.80 ",0.24,0,UK,iHerb,,,,,
5/10/2021,Melatonin,Sleep Aid,171,59.28," ? 10,136.88 ",0.14,4,Canada,iHerb,,,,,
5/10/2021,Biotin,Vitamin,169,14.81," ? 2,502.89 ",0.11,4,USA,Walmart,,,,,
5/10/2021,Green Tea Extract,Fat Burner,151,17.06," ? 2,576.06 ",0,3,Canada,iHerb,,,,,
5/10/2021,Iron Supplement,Mineral,130,55.73," ? 7,244.90 ",0.05,2,Canada,Walmart,,,,,
5/10/2021,Electrolyte Powder,Hydration,129,18.2," ? 2,347.80 ",0.18,1,UK,Amazon,,,,,
5/17/2021,Whey Protein,Protein,149,18.56," ? 2,765.44 ",0.19,1,UK,Walmart,,,,,
5/17/2021,Vitamin C,Vitamin,156,44.41," ? 6,927.96 ",0.03,1,Canada,Walmart,,,,,
5/17/2021,Fish Oil,Omega,140,23.1," ? 3,234.00 ",0.22,3,UK,Walmart,,,,,
5/17/2021,Multivitamin,Vitamin,138,14.39," ? 1,985.82 ",0.1,2,UK,Amazon,,,,,
5/17/2021,Pre-Workout,Performance,156,24.13," ? 3,764.28 ",0.09,0,UK,iHerb,,,,,
5/17/2021,BCAA,Amino Acid,158,45.44," ? 7,179.52 ",0.06,1,Canada,Walmart,,,,,
5/17/2021,Creatine,Performance,144,27.05," ? 3,895.20 ",0.2,3,Canada,iHerb,,,,,
5/17/2021,Zinc,Mineral,151,11.54," ? 1,742.54 ",0.22,0,UK,iHerb,,,,,
5/17/2021,Collagen Peptides,Protein,176,27.1," ? 4,769.60 ",0.23,0,UK,Walmart,,,,,
5/17/2021,Magnesium,Mineral,153,20.97," ? 3,208.41 ",0.11,2,UK,Walmart,,,,,
5/17/2021,Ashwagandha,Herbal,158,56.84," ? 8,980.72 ",0.04,1,USA,Walmart,,,,,
5/17/2021,Melatonin,Sleep Aid,141,16.15," ? 2,277.15 ",0.25,1,UK,iHerb,,,,,
5/17/2021,Biotin,Vitamin,133,45.97," ? 6,114.01 ",0.21,0,Canada,Walmart,,,,,
5/17/2021,Green Tea Extract,Fat Burner,124,31.58," ? 3,915.92 ",0.06,1,USA,Amazon,,,,,
5/17/2021,Iron Supplement,Mineral,141,55.3," ? 7,797.30 ",0.14,1,USA,Amazon,,,,,
5/17/2021,Electrolyte Powder,Hydration,146,46.38," ? 6,771.48 ",0.11,3,Canada,iHerb,,,,,
5/24/2021,Whey Protein,Protein,176,38.03," ? 6,693.28 ",0.02,1,UK,Walmart,,,,,
5/24/2021,Vitamin C,Vitamin,147,53.83," ? 7,913.01 ",0.04,1,USA,Amazon,,,,,
5/24/2021,Fish Oil,Omega,154,29.15," ? 4,489.10 ",0.22,2,Canada,iHerb,,,,,
5/24/2021,Multivitamin,Vitamin,148,33.23," ? 4,918.04 ",0.21,2,UK,Amazon,,,,,
5/24/2021,Pre-Workout,Performance,163,15.92," ? 2,594.96 ",0,1,Canada,Walmart,,,,,
5/24/2021,BCAA,Amino Acid,157,24.79," ? 3,892.03 ",0.12,1,USA,Amazon,,,,,
5/24/2021,Creatine,Performance,147,16.82," ? 2,472.54 ",0.05,0,USA,Walmart,,,,,
5/24/2021,Zinc,Mineral,138,41.36," ? 5,707.68 ",0.08,4,USA,iHerb,,,,,
5/24/2021,Collagen Peptides,Protein,138,27.89," ? 3,848.82 ",0,3,USA,Amazon,,,,,
5/24/2021,Magnesium,Mineral,168,37.18," ? 6,246.24 ",0.16,1,Canada,Walmart,,,,,
5/24/2021,Ashwagandha,Herbal,155,12.7," ? 1,968.50 ",0.11,2,UK,iHerb,,,,,
5/24/2021,Melatonin,Sleep Aid,167,51.13," ? 8,538.71 ",0.05,1,Canada,iHerb,,,,,
5/24/2021,Biotin,Vitamin,143,17.52," ? 2,505.36 ",0.13,2,UK,iHerb,,,,,
5/24/2021,Green Tea Extract,Fat Burner,148,52.44," ? 7,761.12 ",0.18,1,USA,iHerb,,,,,
5/24/2021,Iron Supplement,Mineral,141,38.85," ? 5,477.85 ",0.06,1,Canada,Amazon,,,,,
5/24/2021,Electrolyte Powder,Hydration,162,59.6," ? 9,655.20 ",0.03,3,UK,iHerb,,,,,
5/31/2021,Whey Protein,Protein,146,54.03," ? 7,888.38 ",0.1,1,UK,iHerb,,,,,
5/31/2021,Vitamin C,Vitamin,122,22.24," ? 2,713.28 ",0.17,0,Canada,iHerb,,,,,
5/31/2021,Fish Oil,Omega,133,42.39," ? 5,637.87 ",0.18,0,USA,Walmart,,,,,
5/31/2021,Multivitamin,Vitamin,129,23.03," ? 2,970.87 ",0.21,3,USA,Walmart,,,,,
5/31/2021,Pre-Workout,Performance,160,51.09," ? 8,174.40 ",0.19,2,USA,Amazon,,,,,
5/31/2021,BCAA,Amino Acid,144,16.09," ? 2,316.96 ",0.13,2,USA,iHerb,,,,,
5/31/2021,Creatine,Performance,145,28.18," ? 4,086.10 ",0.16,3,USA,Amazon,,,,,
5/31/2021,Zinc,Mineral,136,17.04," ? 2,317.44 ",0.16,2,UK,Walmart,,,,,
5/31/2021,Collagen Peptides,Protein,173,57.51," ? 9,949.23 ",0.02,2,Canada,Amazon,,,,,
5/31/2021,Magnesium,Mineral,151,51.58," ? 7,788.58 ",0.04,0,UK,Walmart,,,,,
5/31/2021,Ashwagandha,Herbal,167,16.45," ? 2,747.15 ",0.12,2,UK,iHerb,,,,,
5/31/2021,Melatonin,Sleep Aid,155,55.29," ? 8,569.95 ",0.13,0,UK,Amazon,,,,,
5/31/2021,Biotin,Vitamin,171,46.59," ? 7,966.89 ",0.18,1,USA,Amazon,,,,,
5/31/2021,Green Tea Extract,Fat Burner,139,20.99," ? 2,917.61 ",0.11,2,UK,iHerb,,,,,
5/31/2021,Iron Supplement,Mineral,161,49.61," ? 7,987.21 ",0.21,2,Canada,iHerb,,,,,
5/31/2021,Electrolyte Powder,Hydration,140,25.74," ? 3,603.60 ",0.03,1,USA,Amazon,,,,,
6/7/2021,Whey Protein,Protein,139,55.42," ? 7,703.38 ",0.03,2,UK,iHerb,,,,,
6/7/2021,Vitamin C,Vitamin,157,56.13," ? 8,812.41 ",0.14,1,UK,Walmart,,,,,
6/7/2021,Fish Oil,Omega,160,44.68," ? 7,148.80 ",0.01,3,UK,iHerb,,,,,
6/7/2021,Multivitamin,Vitamin,148,21.06," ? 3,116.88 ",0.17,2,UK,Walmart,,,,,
6/7/2021,Pre-Workout,Performance,149,32.82," ? 4,890.18 ",0.22,1,Canada,Amazon,,,,,
6/7/2021,BCAA,Amino Acid,164,30.53," ? 5,006.92 ",0.06,1,UK,Walmart,,,,,
6/7/2021,Creatine,Performance,163,36.22," ? 5,903.86 ",0.2,1,USA,iHerb,,,,,
6/7/2021,Zinc,Mineral,155,15.46," ? 2,396.30 ",0.2,0,UK,Amazon,,,,,
6/7/2021,Collagen Peptides,Protein,141,27.32," ? 3,852.12 ",0.24,4,UK,Walmart,,,,,
6/7/2021,Magnesium,Mineral,141,45.25," ? 6,380.25 ",0.11,0,UK,Walmart,,,,,
6/7/2021,Ashwagandha,Herbal,158,53.51," ? 8,454.58 ",0.03,0,USA,iHerb,,,,,
6/7/2021,Melatonin,Sleep Aid,157,29.88," ? 4,691.16 ",0.08,1,Canada,iHerb,,,,,
6/7/2021,Biotin,Vitamin,149,41.59," ? 6,196.91 ",0.06,4,Canada,Walmart,,,,,
6/7/2021,Green Tea Extract,Fat Burner,144,38.53," ? 5,548.32 ",0.11,1,UK,Walmart,,,,,
6/7/2021,Iron Supplement,Mineral,159,51.66," ? 8,213.94 ",0.06,2,UK,iHerb,,,,,
6/7/2021,Electrolyte Powder,Hydration,153,34.3," ? 5,247.90 ",0.08,0,UK,iHerb,,,,,
6/14/2021,Whey Protein,Protein,139,44.15," ? 6,136.85 ",0.17,4,USA,Amazon,,,,,
6/14/2021,Vitamin C,Vitamin,159,54.21," ? 8,619.39 ",0.22,1,Canada,iHerb,,,,,
6/14/2021,Fish Oil,Omega,151,14.15," ? 2,136.65 ",0.05,1,Canada,iHerb,,,,,
6/14/2021,Multivitamin,Vitamin,153,59.41," ? 9,089.73 ",0.1,0,USA,Amazon,,,,,
6/14/2021,Pre-Workout,Performance,162,19.93," ? 3,228.66 ",0.12,2,UK,Walmart,,,,,
6/14/2021,BCAA,Amino Acid,160,25.26," ? 4,041.60 ",0.24,2,UK,Walmart,,,,,
6/14/2021,Creatine,Performance,147,46.56," ? 6,844.32 ",0.06,0,Canada,iHerb,,,,,
6/14/2021,Zinc,Mineral,151,41.45," ? 6,258.95 ",0.03,2,USA,iHerb,,,,,
6/14/2021,Collagen Peptides,Protein,142,16.35," ? 2,321.70 ",0.23,3,USA,Walmart,,,,,
6/14/2021,Magnesium,Mineral,140,40.43," ? 5,660.20 ",0.24,1,UK,Walmart,,,,,
6/14/2021,Ashwagandha,Herbal,157,29.81," ? 4,680.17 ",0.24,2,Canada,Walmart,,,,,
6/14/2021,Melatonin,Sleep Aid,142,45.18," ? 6,415.56 ",0.16,1,UK,Walmart,,,,,
6/14/2021,Biotin,Vitamin,178,25.19," ? 4,483.82 ",0.23,1,USA,iHerb,,,,,
6/14/2021,Green Tea Extract,Fat Burner,141,51.19," ? 7,217.79 ",0.03,3,UK,Amazon,,,,,
6/14/2021,Iron Supplement,Mineral,161,45.6," ? 7,341.60 ",0.1,1,Canada,iHerb,,,,,
6/14/2021,Electrolyte Powder,Hydration,134,34.05," ? 4,562.70 ",0.09,1,USA,Amazon,,,,,
6/21/2021,Whey Protein,Protein,123,31.81," ? 3,912.63 ",0.05,2,Canada,Walmart,,,,,
6/21/2021,Vitamin C,Vitamin,162,24.92," ? 4,037.04 ",0.16,1,UK,Walmart,,,,,
6/21/2021,Fish Oil,Omega,140,12.02," ? 1,682.80 ",0.02,0,Canada,Amazon,,,,,
6/21/2021,Multivitamin,Vitamin,136,59.79," ? 8,131.44 ",0.07,0,USA,Walmart,,,,,
6/21/2021,Pre-Workout,Performance,151,53.67," ? 8,104.17 ",0.1,1,UK,Amazon,,,,,
6/21/2021,BCAA,Amino Acid,139,25.83," ? 3,590.37 ",0.17,1,UK,Walmart,,,,,
6/21/2021,Creatine,Performance,153,19.56," ? 2,992.68 ",0.1,4,USA,iHerb,,,,,
6/21/2021,Zinc,Mineral,146,22.75," ? 3,321.50 ",0.03,0,Canada,Amazon,,,,,
6/21/2021,Collagen Peptides,Protein,143,18.7," ? 2,674.10 ",0.19,0,Canada,Amazon,,,,,
6/21/2021,Magnesium,Mineral,152,35.33," ? 5,370.16 ",0.14,1,Canada,Walmart,,,,,
6/21/2021,Ashwagandha,Herbal,142,53.56," ? 7,605.52 ",0.05,0,UK,Amazon,,,,,
6/21/2021,Melatonin,Sleep Aid,168,37.57," ? 6,311.76 ",0.09,0,USA,iHerb,,,,,
6/21/2021,Biotin,Vitamin,153,20.15," ? 3,082.95 ",0.11,2,USA,Amazon,,,,,
6/21/2021,Green Tea Extract,Fat Burner,153,37.4," ? 5,722.20 ",0.18,2,UK,iHerb,,,,,
6/21/2021,Iron Supplement,Mineral,155,45.51," ? 7,054.05 ",0.17,0,UK,Walmart,,,,,
6/21/2021,Electrolyte Powder,Hydration,147,43.47," ? 6,390.09 ",0.05,2,USA,iHerb,,,,,
6/28/2021,Whey Protein,Protein,170,56.07," ? 9,531.90 ",0.24,0,UK,Walmart,,,,,
6/28/2021,Vitamin C,Vitamin,154,52.99," ? 8,160.46 ",0.06,5,UK,Amazon,,,,,
6/28/2021,Fish Oil,Omega,154,14.28," ? 2,199.12 ",0.05,2,USA,Walmart,,,,,
6/28/2021,Multivitamin,Vitamin,145,44.8," ? 6,496.00 ",0.09,0,UK,Walmart,,,,,
6/28/2021,Pre-Workout,Performance,127,36.03," ? 4,575.81 ",0.19,1,USA,Amazon,,,,,
6/28/2021,BCAA,Amino Acid,147,11.32," ? 1,664.04 ",0.08,4,UK,iHerb,,,,,
6/28/2021,Creatine,Performance,166,39.39," ? 6,538.74 ",0.21,1,USA,Walmart,,,,,
6/28/2021,Zinc,Mineral,150,44.66," ? 6,699.00 ",0.02,0,Canada,iHerb,,,,,
6/28/2021,Collagen Peptides,Protein,160,40.88," ? 6,540.80 ",0.16,0,USA,Walmart,,,,,
6/28/2021,Magnesium,Mineral,163,22.95," ? 3,740.85 ",0.18,1,Canada,iHerb,,,,,
6/28/2021,Ashwagandha,Herbal,119,18.93," ? 2,252.67 ",0.08,1,USA,Walmart,,,,,
6/28/2021,Melatonin,Sleep Aid,150,23.53," ? 3,529.50 ",0.01,2,USA,Walmart,,,,,
6/28/2021,Biotin,Vitamin,146,53.35," ? 7,789.10 ",0.19,3,USA,Amazon,,,,,
6/28/2021,Green Tea Extract,Fat Burner,150,44.81," ? 6,721.50 ",0.05,1,Canada,iHerb,,,,,
6/28/2021,Iron Supplement,Mineral,134,53.21," ? 7,130.14 ",0.12,2,Canada,iHerb,,,,,
6/28/2021,Electrolyte Powder,Hydration,154,31.59," ? 4,864.86 ",0.2,1,Canada,Walmart,,,,,
7/5/2021,Whey Protein,Protein,175,33.13," ? 5,797.75 ",0.2,3,UK,iHerb,,,,,
7/5/2021,Vitamin C,Vitamin,152,33.39," ? 5,075.28 ",0.24,2,Canada,Walmart,,,,,
7/5/2021,Fish Oil,Omega,162,33.39," ? 5,409.18 ",0.16,3,UK,Amazon,,,,,
7/5/2021,Multivitamin,Vitamin,152,25.86," ? 3,930.72 ",0.07,1,USA,Amazon,,,,,
7/5/2021,Pre-Workout,Performance,123,50.63," ? 6,227.49 ",0.03,0,UK,Amazon,,,,,
7/5/2021,BCAA,Amino Acid,148,48.18," ? 7,130.64 ",0.11,2,USA,Amazon,,,,,
7/5/2021,Creatine,Performance,154,17.82," ? 2,744.28 ",0.11,1,Canada,iHerb,,,,,
7/5/2021,Zinc,Mineral,159,29.41," ? 4,676.19 ",0.04,1,UK,iHerb,,,,,
7/5/2021,Collagen Peptides,Protein,153,35.75," ? 5,469.75 ",0.04,2,Canada,Amazon,,,,,
7/5/2021,Magnesium,Mineral,165,34.58," ? 5,705.70 ",0.24,1,USA,Amazon,,,,,
7/5/2021,Ashwagandha,Herbal,153,40.3," ? 6,165.90 ",0.02,4,Canada,Walmart,,,,,
7/5/2021,Melatonin,Sleep Aid,158,45.21," ? 7,143.18 ",0.15,1,USA,Walmart,,,,,
7/5/2021,Biotin,Vitamin,150,39.17," ? 5,875.50 ",0.13,1,Canada,Amazon,,,,,
7/5/2021,Green Tea Extract,Fat Burner,139,22.08," ? 3,069.12 ",0.13,1,USA,Walmart,,,,,
7/5/2021,Iron Supplement,Mineral,148,27.51," ? 4,071.48 ",0.11,0,Canada,Amazon,,,,,
7/5/2021,Electrolyte Powder,Hydration,152,17.49," ? 2,658.48 ",0.14,1,USA,iHerb,,,,,
7/12/2021,Whey Protein,Protein,140,16.52," ? 2,312.80 ",0.08,0,Canada,iHerb,,,,,
7/12/2021,Vitamin C,Vitamin,134,39.39," ? 5,278.26 ",0.02,3,UK,Walmart,,,,,
7/12/2021,Fish Oil,Omega,182,32.5," ? 5,915.00 ",0.01,2,Canada,Amazon,,,,,
7/12/2021,Multivitamin,Vitamin,147,20.34," ? 2,989.98 ",0.16,1,Canada,Walmart,,,,,
7/12/2021,Pre-Workout,Performance,137,38.25," ? 5,240.25 ",0.21,0,USA,iHerb,,,,,
7/12/2021,BCAA,Amino Acid,161,15.75," ? 2,535.75 ",0.17,1,USA,Amazon,,,,,
7/12/2021,Creatine,Performance,176,42.14," ? 7,416.64 ",0.1,4,UK,Walmart,,,,,
7/12/2021,Zinc,Mineral,144,55.07," ? 7,930.08 ",0.07,2,USA,iHerb,,,,,
7/12/2021,Collagen Peptides,Protein,148,24.75," ? 3,663.00 ",0,0,UK,Walmart,,,,,
7/12/2021,Magnesium,Mineral,142,18.56," ? 2,635.52 ",0.22,2,Canada,iHerb,,,,,
7/12/2021,Ashwagandha,Herbal,130,42.68," ? 5,548.40 ",0.24,0,Canada,Walmart,,,,,
7/12/2021,Melatonin,Sleep Aid,173,48.29," ? 8,354.17 ",0.02,2,UK,Walmart,,,,,
7/12/2021,Biotin,Vitamin,140,50.52," ? 7,072.80 ",0.03,1,USA,iHerb,,,,,
7/12/2021,Green Tea Extract,Fat Burner,174,58.9," ? 10,248.60 ",0.25,2,Canada,Walmart,,,,,
7/12/2021,Iron Supplement,Mineral,137,31.22," ? 4,277.14 ",0.08,1,Canada,iHerb,,,,,
7/12/2021,Electrolyte Powder,Hydration,190,46.67," ? 8,867.30 ",0,2,UK,Walmart,,,,,
7/19/2021,Whey Protein,Protein,170,19.28," ? 3,277.60 ",0.16,2,UK,Walmart,,,,,
7/19/2021,Vitamin C,Vitamin,157,22.61," ? 3,549.77 ",0.24,3,UK,iHerb,,,,,
7/19/2021,Fish Oil,Omega,148,32.62," ? 4,827.76 ",0.11,0,Canada,Amazon,,,,,
7/19/2021,Multivitamin,Vitamin,147,11.13," ? 1,636.11 ",0.11,2,USA,Walmart,,,,,
7/19/2021,Pre-Workout,Performance,157,55.48," ? 8,710.36 ",0,2,USA,iHerb,,,,,
7/19/2021,BCAA,Amino Acid,161,26.19," ? 4,216.59 ",0.03,3,UK,Walmart,,,,,
7/19/2021,Creatine,Performance,149,39.29," ? 5,854.21 ",0.17,2,UK,Amazon,,,,,
7/19/2021,Zinc,Mineral,156,35.68," ? 5,566.08 ",0.2,1,Canada,Walmart,,,,,
7/19/2021,Collagen Peptides,Protein,146,55.73," ? 8,136.58 ",0.02,2,USA,iHerb,,,,,
7/19/2021,Magnesium,Mineral,147,43.98," ? 6,465.06 ",0.02,2,USA,Walmart,,,,,
7/19/2021,Ashwagandha,Herbal,160,18.53," ? 2,964.80 ",0.22,2,Canada,Amazon,,,,,
7/19/2021,Melatonin,Sleep Aid,167,37.1," ? 6,195.70 ",0.23,3,Canada,iHerb,,,,,
7/19/2021,Biotin,Vitamin,148,29.66," ? 4,389.68 ",0.1,1,UK,iHerb,,,,,
7/19/2021,Green Tea Extract,Fat Burner,141,13.49," ? 1,902.09 ",0.17,0,USA,Walmart,,,,,
7/19/2021,Iron Supplement,Mineral,144,23.5," ? 3,384.00 ",0.19,3,USA,iHerb,,,,,
7/19/2021,Electrolyte Powder,Hydration,139,33.52," ? 4,659.28 ",0.22,2,USA,iHerb,,,,,
7/26/2021,Whey Protein,Protein,150,52.37," ? 7,855.50 ",0,1,UK,Amazon,,,,,
7/26/2021,Vitamin C,Vitamin,169,37.14," ? 6,276.66 ",0.13,1,Canada,iHerb,,,,,
7/26/2021,Fish Oil,Omega,151,30.92," ? 4,668.92 ",0.18,3,Canada,Amazon,,,,,
7/26/2021,Multivitamin,Vitamin,136,30.4," ? 4,134.40 ",0.17,0,USA,iHerb,,,,,
7/26/2021,Pre-Workout,Performance,155,30.91," ? 4,791.05 ",0.23,5,UK,Amazon,,,,,
7/26/2021,BCAA,Amino Acid,132,57.52," ? 7,592.64 ",0.24,0,USA,Walmart,,,,,
7/26/2021,Creatine,Performance,150,11.02," ? 1,653.00 ",0.15,1,USA,iHerb,,,,,
7/26/2021,Zinc,Mineral,165,44.34," ? 7,316.10 ",0.17,1,UK,Walmart,,,,,
7/26/2021,Collagen Peptides,Protein,142,50.02," ? 7,102.84 ",0.11,2,Canada,iHerb,,,,,
7/26/2021,Magnesium,Mineral,154,31.25," ? 4,812.50 ",0.07,1,Canada,Amazon,,,,,
7/26/2021,Ashwagandha,Herbal,151,32.01," ? 4,833.51 ",0.02,2,UK,Walmart,,,,,
7/26/2021,Melatonin,Sleep Aid,139,30.64," ? 4,258.96 ",0.06,1,UK,Walmart,,,,,
7/26/2021,Biotin,Vitamin,145,36.86," ? 5,344.70 ",0.05,0,UK,Walmart,,,,,
7/26/2021,Green Tea Extract,Fat Burner,167,30.6," ? 5,110.20 ",0.01,1,UK,Amazon,,,,,
7/26/2021,Iron Supplement,Mineral,152,45.35," ? 6,893.20 ",0.04,1,Canada,iHerb,,,,,
7/26/2021,Electrolyte Powder,Hydration,134,20.71," ? 2,775.14 ",0.02,1,UK,iHerb,,,,,
8/2/2021,Whey Protein,Protein,135,36.69," ? 4,953.15 ",0.04,0,Canada,iHerb,,,,,
8/2/2021,Vitamin C,Vitamin,162,40.31," ? 6,530.22 ",0.08,2,USA,Amazon,,,,,
8/2/2021,Fish Oil,Omega,143,21.15," ? 3,024.45 ",0.05,1,USA,iHerb,,,,,
8/2/2021,Multivitamin,Vitamin,156,10.6," ? 1,653.60 ",0.13,2,USA,Amazon,,,,,
8/2/2021,Pre-Workout,Performance,149,56.4," ? 8,403.60 ",0.21,1,UK,iHerb,,,,,
8/2/2021,BCAA,Amino Acid,140,35.22," ? 4,930.80 ",0.19,1,UK,iHerb,,,,,
8/2/2021,Creatine,Performance,127,50.3," ? 6,388.10 ",0.07,2,Canada,Amazon,,,,,
8/2/2021,Zinc,Mineral,147,52.26," ? 7,682.22 ",0.13,2,UK,iHerb,,,,,
8/2/2021,Collagen Peptides,Protein,167,25.66," ? 4,285.22 ",0.19,1,Canada,iHerb,,,,,
8/2/2021,Magnesium,Mineral,146,46.22," ? 6,748.12 ",0.1,0,UK,iHerb,,,,,
8/2/2021,Ashwagandha,Herbal,145,18.8," ? 2,726.00 ",0.19,1,USA,iHerb,,,,,
8/2/2021,Melatonin,Sleep Aid,148,59.1," ? 8,746.80 ",0.1,0,USA,Walmart,,,,,
8/2/2021,Biotin,Vitamin,130,39.97," ? 5,196.10 ",0.1,1,UK,Walmart,,,,,
8/2/2021,Green Tea Extract,Fat Burner,124,35.24," ? 4,369.76 ",0.04,0,UK,iHerb,,,,,
8/2/2021,Iron Supplement,Mineral,133,40.49," ? 5,385.17 ",0.05,0,UK,Amazon,,,,,
8/2/2021,Electrolyte Powder,Hydration,165,26.38," ? 4,352.70 ",0.05,1,UK,Amazon,,,,,
8/9/2021,Whey Protein,Protein,151,18.22," ? 2,751.22 ",0.2,2,UK,Walmart,,,,,
8/9/2021,Vitamin C,Vitamin,134,18.51," ? 2,480.34 ",0.06,1,Canada,iHerb,,,,,
8/9/2021,Fish Oil,Omega,152,57.39," ? 8,723.28 ",0.03,4,Canada,iHerb,,,,,
8/9/2021,Multivitamin,Vitamin,140,26.95," ? 3,773.00 ",0.04,3,UK,iHerb,,,,,
8/9/2021,Pre-Workout,Performance,143,38.32," ? 5,479.76 ",0.12,1,Canada,Walmart,,,,,
8/9/2021,BCAA,Amino Acid,159,43.41," ? 6,902.19 ",0.22,0,USA,iHerb,,,,,
8/9/2021,Creatine,Performance,135,31.86," ? 4,301.10 ",0.1,0,Canada,Walmart,,,,,
8/9/2021,Zinc,Mineral,150,33.83," ? 5,074.50 ",0.19,1,USA,Walmart,,,,,
8/9/2021,Collagen Peptides,Protein,157,30.74," ? 4,826.18 ",0.19,0,Canada,Walmart,,,,,
8/9/2021,Magnesium,Mineral,133,30.1," ? 4,003.30 ",0.21,1,USA,iHerb,,,,,
8/9/2021,Ashwagandha,Herbal,156,39.31," ? 6,132.36 ",0.09,2,Canada,Amazon,,,,,
8/9/2021,Melatonin,Sleep Aid,144,59.64," ? 8,588.16 ",0.03,0,UK,Walmart,,,,,
8/9/2021,Biotin,Vitamin,167,42.51," ? 7,099.17 ",0.08,1,USA,iHerb,,,,,
8/9/2021,Green Tea Extract,Fat Burner,141,30.54," ? 4,306.14 ",0.18,1,UK,iHerb,,,,,
8/9/2021,Iron Supplement,Mineral,176,35.15," ? 6,186.40 ",0.15,4,Canada,iHerb,,,,,
8/9/2021,Electrolyte Powder,Hydration,122,52.68," ? 6,426.96 ",0.06,3,Canada,Amazon,,,,,
8/16/2021,Whey Protein,Protein,173,31.95," ? 5,527.35 ",0.01,4,UK,Walmart,,,,,
8/16/2021,Vitamin C,Vitamin,149,44.49," ? 6,629.01 ",0.12,0,Canada,iHerb,,,,,
8/16/2021,Fish Oil,Omega,139,38.71," ? 5,380.69 ",0.16,1,Canada,iHerb,,,,,
8/16/2021,Multivitamin,Vitamin,154,44.76," ? 6,893.04 ",0.1,2,Canada,Walmart,,,,,
8/16/2021,Pre-Workout,Performance,155,55.85," ? 8,656.75 ",0.03,2,USA,iHerb,,,,,
8/16/2021,BCAA,Amino Acid,133,26.65," ? 3,544.45 ",0.09,0,Canada,iHerb,,,,,
8/16/2021,Creatine,Performance,153,11.71," ? 1,791.63 ",0.08,3,UK,Walmart,,,,,
8/16/2021,Zinc,Mineral,157,44.91," ? 7,050.87 ",0.08,0,UK,Amazon,,,,,
8/16/2021,Collagen Peptides,Protein,141,59.02," ? 8,321.82 ",0.12,0,UK,Walmart,,,,,
8/16/2021,Magnesium,Mineral,135,38.93," ? 5,255.55 ",0.02,3,UK,Amazon,,,,,
8/16/2021,Ashwagandha,Herbal,145,49.03," ? 7,109.35 ",0.19,2,USA,iHerb,,,,,
8/16/2021,Melatonin,Sleep Aid,154,41.44," ? 6,381.76 ",0.14,5,USA,Walmart,,,,,
8/16/2021,Biotin,Vitamin,159,53.62," ? 8,525.58 ",0.05,0,USA,iHerb,,,,,
8/16/2021,Green Tea Extract,Fat Burner,149,51.46," ? 7,667.54 ",0.11,2,Canada,Amazon,,,,,
8/16/2021,Iron Supplement,Mineral,151,40.76," ? 6,154.76 ",0.21,0,USA,Walmart,,,,,
8/16/2021,Electrolyte Powder,Hydration,153,18.21," ? 2,786.13 ",0.03,4,USA,Amazon,,,,,
8/23/2021,Whey Protein,Protein,146,18.57," ? 2,711.22 ",0.17,2,UK,Walmart,,,,,
8/23/2021,Vitamin C,Vitamin,155,54.68," ? 8,475.40 ",0.1,1,Canada,Amazon,,,,,
8/23/2021,Fish Oil,Omega,149,53.18," ? 7,923.82 ",0.23,1,USA,Walmart,,,,,
8/23/2021,Multivitamin,Vitamin,165,56.54," ? 9,329.10 ",0.06,2,USA,iHerb,,,,,
8/23/2021,Pre-Workout,Performance,142,10.27," ? 1,458.34 ",0.14,1,UK,Amazon,,,,,
8/23/2021,BCAA,Amino Acid,143,52.57," ? 7,517.51 ",0.15,3,USA,Walmart,,,,,
8/23/2021,Creatine,Performance,141,32.53," ? 4,586.73 ",0,1,Canada,Walmart,,,,,
8/23/2021,Zinc,Mineral,156,46.81," ? 7,302.36 ",0.14,0,USA,Walmart,,,,,
8/23/2021,Collagen Peptides,Protein,133,23.75," ? 3,158.75 ",0.02,1,Canada,Amazon,,,,,
8/23/2021,Magnesium,Mineral,152,46.02," ? 6,995.04 ",0.16,1,USA,iHerb,,,,,
8/23/2021,Ashwagandha,Herbal,160,41.87," ? 6,699.20 ",0.14,0,Canada,Walmart,,,,,
8/23/2021,Melatonin,Sleep Aid,157,57.13," ? 8,969.41 ",0.2,2,USA,Amazon,,,,,
8/23/2021,Biotin,Vitamin,141,27.02," ? 3,809.82 ",0.12,1,UK,Amazon,,,,,
8/23/2021,Green Tea Extract,Fat Burner,150,58.89," ? 8,833.50 ",0.03,3,Canada,iHerb,,,,,
8/23/2021,Iron Supplement,Mineral,170,46.25," ? 7,862.50 ",0.11,2,USA,Amazon,,,,,
8/23/2021,Electrolyte Powder,Hydration,144,38.91," ? 5,603.04 ",0.12,2,Canada,Amazon,,,,,
8/30/2021,Whey Protein,Protein,142,14.19," ? 2,014.98 ",0.01,1,USA,Walmart,,,,,
8/30/2021,Vitamin C,Vitamin,128,50.65," ? 6,483.20 ",0.01,2,UK,Amazon,,,,,
8/30/2021,Fish Oil,Omega,141,34.25," ? 4,829.25 ",0.08,1,Canada,Walmart,,,,,
8/30/2021,Multivitamin,Vitamin,146,15.73," ? 2,296.58 ",0.25,1,Canada,Amazon,,,,,
8/30/2021,Pre-Workout,Performance,144,28.19," ? 4,059.36 ",0.21,1,USA,iHerb,,,,,
8/30/2021,BCAA,Amino Acid,158,52.31," ? 8,264.98 ",0.18,1,UK,Walmart,,,,,
8/30/2021,Creatine,Performance,135,58.8," ? 7,938.00 ",0.06,1,Canada,iHerb,,,,,
8/30/2021,Zinc,Mineral,152,35.84," ? 5,447.68 ",0.2,1,USA,Walmart,,,,,
8/30/2021,Collagen Peptides,Protein,119,38.78," ? 4,614.82 ",0.24,2,Canada,Walmart,,,,,
8/30/2021,Magnesium,Mineral,140,20.06," ? 2,808.40 ",0.23,3,UK,Walmart,,,,,
8/30/2021,Ashwagandha,Herbal,160,35.22," ? 5,635.20 ",0.12,1,Canada,iHerb,,,,,
8/30/2021,Melatonin,Sleep Aid,150,16.59," ? 2,488.50 ",0.22,2,UK,iHerb,,,,,
8/30/2021,Biotin,Vitamin,147,28.5," ? 4,189.50 ",0.19,2,UK,Walmart,,,,,
8/30/2021,Green Tea Extract,Fat Burner,160,20.23," ? 3,236.80 ",0.08,1,UK,iHerb,,,,,
8/30/2021,Iron Supplement,Mineral,144,26.47," ? 3,811.68 ",0.03,1,Canada,iHerb,,,,,
8/30/2021,Electrolyte Powder,Hydration,154,13.55," ? 2,086.70 ",0.12,2,USA,Walmart,,,,,
9/6/2021,Whey Protein,Protein,150,24.45," ? 3,667.50 ",0.02,4,Canada,iHerb,,,,,
9/6/2021,Vitamin C,Vitamin,146,49.6," ? 7,241.60 ",0.08,2,USA,iHerb,,,,,
9/6/2021,Fish Oil,Omega,134,17.24," ? 2,310.16 ",0.2,0,Canada,iHerb,,,,,
9/6/2021,Multivitamin,Vitamin,151,33.05," ? 4,990.55 ",0.08,1,USA,Amazon,,,,,
9/6/2021,Pre-Workout,Performance,174,54.46," ? 9,476.04 ",0.12,2,Canada,Amazon,,,,,
9/6/2021,BCAA,Amino Acid,168,58.09," ? 9,759.12 ",0.1,2,USA,Amazon,,,,,
9/6/2021,Creatine,Performance,140,36.04," ? 5,045.60 ",0.07,2,UK,Amazon,,,,,
9/6/2021,Zinc,Mineral,152,26.15," ? 3,974.80 ",0.12,2,Canada,iHerb,,,,,
9/6/2021,Collagen Peptides,Protein,147,58.08," ? 8,537.76 ",0.13,2,Canada,Amazon,,,,,
9/6/2021,Magnesium,Mineral,147,30.36," ? 4,462.92 ",0.1,1,Canada,Walmart,,,,,
9/6/2021,Ashwagandha,Herbal,151,16.74," ? 2,527.74 ",0.12,0,USA,Amazon,,,,,
9/6/2021,Melatonin,Sleep Aid,134,40.25," ? 5,393.50 ",0.16,1,UK,Amazon,,,,,
9/6/2021,Biotin,Vitamin,170,48.46," ? 8,238.20 ",0.09,4,Canada,iHerb,,,,,
9/6/2021,Green Tea Extract,Fat Burner,137,24.28," ? 3,326.36 ",0.07,3,UK,Walmart,,,,,
9/6/2021,Iron Supplement,Mineral,113,23.7," ? 2,678.10 ",0.05,0,Canada,iHerb,,,,,
9/6/2021,Electrolyte Powder,Hydration,162,10.29," ? 1,666.98 ",0.11,1,Canada,Walmart,,,,,
9/13/2021,Whey Protein,Protein,133,45.1," ? 5,998.30 ",0.18,2,Canada,iHerb,,,,,
9/13/2021,Vitamin C,Vitamin,162,14.66," ? 2,374.92 ",0.18,4,Canada,Amazon,,,,,
9/13/2021,Fish Oil,Omega,156,57.28," ? 8,935.68 ",0.11,2,Canada,Amazon,,,,,
9/13/2021,Multivitamin,Vitamin,149,13.8," ? 2,056.20 ",0.13,2,UK,Walmart,,,,,
9/13/2021,Pre-Workout,Performance,161,55.45," ? 8,927.45 ",0.24,0,Canada,Walmart,,,,,
9/13/2021,BCAA,Amino Acid,146,26.47," ? 3,864.62 ",0.13,3,Canada,Amazon,,,,,
9/13/2021,Creatine,Performance,164,14.65," ? 2,402.60 ",0.15,2,USA,Amazon,,,,,
9/13/2021,Zinc,Mineral,141,56.37," ? 7,948.17 ",0.1,3,UK,Walmart,,,,,
9/13/2021,Collagen Peptides,Protein,146,33.8," ? 4,934.80 ",0.03,3,Canada,Amazon,,,,,
9/13/2021,Magnesium,Mineral,148,28.36," ? 4,197.28 ",0,0,Canada,iHerb,,,,,
9/13/2021,Ashwagandha,Herbal,150,26.74," ? 4,011.00 ",0.17,2,Canada,Amazon,,,,,
9/13/2021,Melatonin,Sleep Aid,157,55.74," ? 8,751.18 ",0.12,1,Canada,Walmart,,,,,
9/13/2021,Biotin,Vitamin,138,12.12," ? 1,672.56 ",0.16,0,USA,Amazon,,,,,
9/13/2021,Green Tea Extract,Fat Burner,143,26.36," ? 3,769.48 ",0.06,0,USA,Walmart,,,,,
9/13/2021,Iron Supplement,Mineral,160,32.69," ? 5,230.40 ",0.13,2,USA,iHerb,,,,,
9/13/2021,Electrolyte Powder,Hydration,155,12.24," ? 1,897.20 ",0.07,1,Canada,Amazon,,,,,
9/20/2021,Whey Protein,Protein,135,25.49," ? 3,441.15 ",0.13,2,UK,iHerb,,,,,
9/20/2021,Vitamin C,Vitamin,146,26.81," ? 3,914.26 ",0.07,1,Canada,Amazon,,,,,
9/20/2021,Fish Oil,Omega,147,46.08," ? 6,773.76 ",0.02,3,USA,iHerb,,,,,
9/20/2021,Multivitamin,Vitamin,159,51.01," ? 8,110.59 ",0.1,1,USA,iHerb,,,,,
9/20/2021,Pre-Workout,Performance,150,36.92," ? 5,538.00 ",0.14,4,UK,Walmart,,,,,
9/20/2021,BCAA,Amino Acid,169,50.07," ? 8,461.83 ",0.24,0,USA,iHerb,,,,,
9/20/2021,Creatine,Performance,141,52.33," ? 7,378.53 ",0.13,2,USA,Amazon,,,,,
9/20/2021,Zinc,Mineral,135,46.59," ? 6,289.65 ",0.04,1,Canada,iHerb,,,,,
9/20/2021,Collagen Peptides,Protein,141,45.42," ? 6,404.22 ",0.09,1,Canada,iHerb,,,,,
9/20/2021,Magnesium,Mineral,131,28.49," ? 3,732.19 ",0.16,2,UK,iHerb,,,,,
9/20/2021,Ashwagandha,Herbal,139,40.81," ? 5,672.59 ",0.11,0,Canada,Amazon,,,,,
9/20/2021,Melatonin,Sleep Aid,175,20.4," ? 3,570.00 ",0.08,3,UK,Walmart,,,,,
9/20/2021,Biotin,Vitamin,157,32.06," ? 5,033.42 ",0.18,1,UK,Walmart,,,,,
9/20/2021,Green Tea Extract,Fat Burner,139,58.8," ? 8,173.20 ",0.08,1,Canada,Walmart,,,,,
9/20/2021,Iron Supplement,Mineral,156,52.17," ? 8,138.52 ",0.19,0,Canada,iHerb,,,,,
9/20/2021,Electrolyte Powder,Hydration,165,52.81," ? 8,713.65 ",0.03,1,Canada,Walmart,,,,,
9/27/2021,Whey Protein,Protein,166,13.91," ? 2,309.06 ",0.2,3,Canada,Amazon,,,,,
9/27/2021,Vitamin C,Vitamin,136,44.34," ? 6,030.24 ",0.13,2,UK,Walmart,,,,,
9/27/2021,Fish Oil,Omega,147,24.24," ? 3,563.28 ",0.13,1,UK,Amazon,,,,,
9/27/2021,Multivitamin,Vitamin,162,39.07," ? 6,329.34 ",0.2,0,UK,iHerb,,,,,
9/27/2021,Pre-Workout,Performance,128,44.77," ? 5,730.56 ",0.1,3,USA,Walmart,,,,,
9/27/2021,BCAA,Amino Acid,142,25.03," ? 3,554.26 ",0.14,1,Canada,iHerb,,,,,
9/27/2021,Creatine,Performance,151,55.62," ? 8,398.62 ",0.07,1,USA,iHerb,,,,,
9/27/2021,Zinc,Mineral,152,59.93," ? 9,109.36 ",0.06,2,UK,Amazon,,,,,
9/27/2021,Collagen Peptides,Protein,146,10.46," ? 1,527.16 ",0.12,1,Canada,iHerb,,,,,
9/27/2021,Magnesium,Mineral,142,25.05," ? 3,557.10 ",0.04,1,USA,Walmart,,,,,
9/27/2021,Ashwagandha,Herbal,140,19.94," ? 2,791.60 ",0.13,0,UK,Amazon,,,,,
9/27/2021,Melatonin,Sleep Aid,156,15.52," ? 2,421.12 ",0.12,0,Canada,iHerb,,,,,
9/27/2021,Biotin,Vitamin,153,36.38," ? 5,566.14 ",0.13,3,UK,Walmart,,,,,
9/27/2021,Green Tea Extract,Fat Burner,152,30.08," ? 4,572.16 ",0.24,2,UK,Amazon,,,,,
9/27/2021,Iron Supplement,Mineral,142,31.62," ? 4,490.04 ",0.21,2,USA,Walmart,,,,,
9/27/2021,Electrolyte Powder,Hydration,138,24.53," ? 3,385.14 ",0.07,1,USA,iHerb,,,,,
10/4/2021,Whey Protein,Protein,158,10.05," ? 1,587.90 ",0.18,0,USA,iHerb,,,,,
10/4/2021,Vitamin C,Vitamin,132,29," ? 3,828.00 ",0.12,0,UK,Amazon,,,,,
10/4/2021,Fish Oil,Omega,143,32.43," ? 4,637.49 ",0.16,0,Canada,Amazon,,,,,
10/4/2021,Multivitamin,Vitamin,138,22.81," ? 3,147.78 ",0.1,3,UK,iHerb,,,,,
10/4/2021,Pre-Workout,Performance,156,44.18," ? 6,892.08 ",0,2,USA,Amazon,,,,,
10/4/2021,BCAA,Amino Acid,149,57.73," ? 8,601.77 ",0.23,3,USA,Amazon,,,,,
10/4/2021,Creatine,Performance,150,33.25," ? 4,987.50 ",0.17,3,Canada,Amazon,,,,,
10/4/2021,Zinc,Mineral,139,50.76," ? 7,055.64 ",0.24,3,UK,iHerb,,,,,
10/4/2021,Collagen Peptides,Protein,142,15.61," ? 2,216.62 ",0.07,2,USA,Amazon,,,,,
10/4/2021,Magnesium,Mineral,154,19.32," ? 2,975.28 ",0.02,1,UK,Amazon,,,,,
10/4/2021,Ashwagandha,Herbal,150,27.42," ? 4,113.00 ",0.04,2,USA,Walmart,,,,,
10/4/2021,Melatonin,Sleep Aid,149,31.38," ? 4,675.62 ",0.24,0,Canada,iHerb,,,,,
10/4/2021,Biotin,Vitamin,151,37.84," ? 5,713.84 ",0.23,1,UK,Walmart,,,,,
10/4/2021,Green Tea Extract,Fat Burner,149,40.45," ? 6,027.05 ",0.07,0,USA,Amazon,,,,,
10/4/2021,Iron Supplement,Mineral,151,13.79," ? 2,082.29 ",0.17,2,USA,Amazon,,,,,
10/4/2021,Electrolyte Powder,Hydration,138,46.02," ? 6,350.76 ",0.13,1,Canada,Walmart,,,,,
10/11/2021,Whey Protein,Protein,143,56.96," ? 8,145.28 ",0.17,0,Canada,Amazon,,,,,
10/11/2021,Vitamin C,Vitamin,149,14.72," ? 2,193.28 ",0.25,4,UK,Walmart,,,,,
10/11/2021,Fish Oil,Omega,129,28.16," ? 3,632.64 ",0.21,1,UK,Amazon,,,,,
10/11/2021,Multivitamin,Vitamin,148,48.72," ? 7,210.56 ",0.01,2,Canada,Amazon,,,,,
10/11/2021,Pre-Workout,Performance,137,27.4," ? 3,753.80 ",0.12,1,USA,Amazon,,,,,
10/11/2021,BCAA,Amino Acid,132,11.67," ? 1,540.44 ",0.12,3,UK,iHerb,,,,,
10/11/2021,Creatine,Performance,159,42.26," ? 6,719.34 ",0.21,0,USA,Amazon,,,,,
10/11/2021,Zinc,Mineral,150,39.34," ? 5,901.00 ",0.21,0,Canada,Amazon,,,,,
10/11/2021,Collagen Peptides,Protein,157,28.96," ? 4,546.72 ",0.09,2,UK,Walmart,,,,,
10/11/2021,Magnesium,Mineral,168,51.24," ? 8,608.32 ",0.1,0,USA,Walmart,,,,,
10/11/2021,Ashwagandha,Herbal,125,29.01," ? 3,626.25 ",0.08,2,USA,Walmart,,,,,
10/11/2021,Melatonin,Sleep Aid,159,21.06," ? 3,348.54 ",0.07,2,USA,Walmart,,,,,
10/11/2021,Biotin,Vitamin,135,57.19," ? 7,720.65 ",0.2,0,Canada,iHerb,,,,,
10/11/2021,Green Tea Extract,Fat Burner,147,49.55," ? 7,283.85 ",0.13,0,USA,iHerb,,,,,
10/11/2021,Iron Supplement,Mineral,159,23.15," ? 3,680.85 ",0.09,1,USA,Walmart,,,,,
10/11/2021,Electrolyte Powder,Hydration,144,29.93," ? 4,309.92 ",0,2,Canada,Amazon,,,,,
10/18/2021,Whey Protein,Protein,137,42.68," ? 5,847.16 ",0.19,2,USA,Walmart,,,,,
10/18/2021,Vitamin C,Vitamin,150,46.86," ? 7,029.00 ",0.17,1,UK,iHerb,,,,,
10/18/2021,Fish Oil,Omega,169,59.13," ? 9,992.97 ",0.22,2,UK,iHerb,,,,,
10/18/2021,Multivitamin,Vitamin,174,19.52," ? 3,396.48 ",0.11,0,USA,Walmart,,,,,
10/18/2021,Pre-Workout,Performance,146,29.32," ? 4,280.72 ",0.08,2,USA,iHerb,,,,,
10/18/2021,BCAA,Amino Acid,166,29.27," ? 4,858.82 ",0.04,2,UK,iHerb,,,,,
10/18/2021,Creatine,Performance,132,24.31," ? 3,208.92 ",0.05,3,Canada,Amazon,,,,,
10/18/2021,Zinc,Mineral,150,16.61," ? 2,491.50 ",0.09,2,USA,iHerb,,,,,
10/18/2021,Collagen Peptides,Protein,161,39.49," ? 6,357.89 ",0.05,1,USA,Amazon,,,,,
10/18/2021,Magnesium,Mineral,136,21.24," ? 2,888.64 ",0.13,1,USA,iHerb,,,,,
10/18/2021,Ashwagandha,Herbal,176,42.08," ? 7,406.08 ",0.2,2,Canada,iHerb,,,,,
10/18/2021,Melatonin,Sleep Aid,141,11.96," ? 1,686.36 ",0.08,2,Canada,Walmart,,,,,
10/18/2021,Biotin,Vitamin,122,45.31," ? 5,527.82 ",0.2,1,UK,Amazon,,,,,
10/18/2021,Green Tea Extract,Fat Burner,157,18," ? 2,826.00 ",0.1,2,USA,Amazon,,,,,
10/18/2021,Iron Supplement,Mineral,177,35.37," ? 6,260.49 ",0.08,2,USA,iHerb,,,,,
10/18/2021,Electrolyte Powder,Hydration,163,32.53," ? 5,302.39 ",0.07,1,Canada,Walmart,,,,,
10/25/2021,Whey Protein,Protein,146,58.36," ? 8,520.56 ",0.11,1,USA,Walmart,,,,,
10/25/2021,Vitamin C,Vitamin,164,37.6," ? 6,166.40 ",0.06,2,USA,Amazon,,,,,
10/25/2021,Fish Oil,Omega,151,49.04," ? 7,405.04 ",0.05,2,USA,iHerb,,,,,
10/25/2021,Multivitamin,Vitamin,162,18.63," ? 3,018.06 ",0,1,Canada,iHerb,,,,,
10/25/2021,Pre-Workout,Performance,145,19.4," ? 2,813.00 ",0.21,1,UK,Walmart,,,,,
10/25/2021,BCAA,Amino Acid,139,34.94," ? 4,856.66 ",0.05,1,Canada,iHerb,,,,,
10/25/2021,Creatine,Performance,137,48.5," ? 6,644.50 ",0.12,2,USA,iHerb,,,,,
10/25/2021,Zinc,Mineral,159,58.31," ? 9,271.29 ",0.21,1,USA,Amazon,,,,,
10/25/2021,Collagen Peptides,Protein,137,16.92," ? 2,318.04 ",0.19,1,USA,Amazon,,,,,
10/25/2021,Magnesium,Mineral,161,40.23," ? 6,477.03 ",0.17,0,UK,Amazon,,,,,
10/25/2021,Ashwagandha,Herbal,143,10.47," ? 1,497.21 ",0.01,3,USA,Amazon,,,,,
10/25/2021,Melatonin,Sleep Aid,157,44.4," ? 6,970.80 ",0.2,1,Canada,Amazon,,,,,
10/25/2021,Biotin,Vitamin,144,34.59," ? 4,980.96 ",0.19,0,UK,iHerb,,,,,
10/25/2021,Green Tea Extract,Fat Burner,141,59.58," ? 8,400.78 ",0.05,1,Canada,Walmart,,,,,
10/25/2021,Iron Supplement,Mineral,172,58.54," ? 10,068.88 ",0.24,3,Canada,Walmart,,,,,
10/25/2021,Electrolyte Powder,Hydration,139,48.04," ? 6,677.56 ",0.25,0,UK,Walmart,,,,,
11/1/2021,Whey Protein,Protein,160,18.78," ? 3,004.80 ",0.11,3,USA,Walmart,,,,,
11/1/2021,Vitamin C,Vitamin,149,59.76," ? 8,904.24 ",0.1,2,USA,iHerb,,,,,
11/1/2021,Fish Oil,Omega,145,44.78," ? 6,493.10 ",0.23,1,UK,Amazon,,,,,
11/1/2021,Multivitamin,Vitamin,160,20.56," ? 3,289.60 ",0.13,0,Canada,Amazon,,,,,
11/1/2021,Pre-Workout,Performance,141,10.75," ? 1,515.75 ",0.07,1,Canada,Walmart,,,,,
11/1/2021,BCAA,Amino Acid,153,42.27," ? 6,467.31 ",0.1,3,UK,Walmart,,,,,
11/1/2021,Creatine,Performance,161,16.54," ? 2,662.94 ",0.17,2,Canada,Walmart,,,,,
11/1/2021,Zinc,Mineral,161,41.26," ? 6,642.86 ",0.25,2,UK,Walmart,,,,,
11/1/2021,Collagen Peptides,Protein,133,22.59," ? 3,004.47 ",0.19,4,Canada,Walmart,,,,,
11/1/2021,Magnesium,Mineral,157,33.02," ? 5,184.14 ",0.09,1,Canada,Amazon,,,,,
11/1/2021,Ashwagandha,Herbal,155,43.93," ? 6,809.15 ",0.05,1,UK,Walmart,,,,,
11/1/2021,Melatonin,Sleep Aid,161,36.83," ? 5,929.63 ",0.19,2,Canada,Walmart,,,,,
11/1/2021,Biotin,Vitamin,147,18.13," ? 2,665.11 ",0.25,0,Canada,iHerb,,,,,
11/1/2021,Green Tea Extract,Fat Burner,140,50.55," ? 7,077.00 ",0.21,5,Canada,iHerb,,,,,
11/1/2021,Iron Supplement,Mineral,142,15.77," ? 2,239.34 ",0.1,3,UK,Amazon,,,,,
11/1/2021,Electrolyte Powder,Hydration,145,35.19," ? 5,102.55 ",0.16,4,USA,Amazon,,,,,
11/8/2021,Whey Protein,Protein,124,53.15," ? 6,590.60 ",0.12,0,USA,Walmart,,,,,
11/8/2021,Vitamin C,Vitamin,152,17.75," ? 2,698.00 ",0.21,1,Canada,iHerb,,,,,
11/8/2021,Fish Oil,Omega,173,44.65," ? 7,724.45 ",0,1,USA,iHerb,,,,,
11/8/2021,Multivitamin,Vitamin,137,35.84," ? 4,910.08 ",0.07,0,USA,Walmart,,,,,
11/8/2021,Pre-Workout,Performance,153,12.91," ? 1,975.23 ",0.09,2,UK,Amazon,,,,,
11/8/2021,BCAA,Amino Acid,152,38.29," ? 5,820.08 ",0.09,4,USA,Amazon,,,,,
11/8/2021,Creatine,Performance,124,54.56," ? 6,765.44 ",0.2,0,USA,Walmart,,,,,
11/8/2021,Zinc,Mineral,142,14.21," ? 2,017.82 ",0.2,2,USA,Amazon,,,,,
11/8/2021,Collagen Peptides,Protein,159,45.89," ? 7,296.51 ",0.17,3,Canada,iHerb,,,,,
11/8/2021,Magnesium,Mineral,119,28.65," ? 3,409.35 ",0.04,1,Canada,iHerb,,,,,
11/8/2021,Ashwagandha,Herbal,171,52.25," ? 8,934.75 ",0,0,UK,Walmart,,,,,
11/8/2021,Melatonin,Sleep Aid,169,40.32," ? 6,814.08 ",0.11,4,UK,Walmart,,,,,
11/8/2021,Biotin,Vitamin,133,11.48," ? 1,526.84 ",0.11,1,Canada,Walmart,,,,,
11/8/2021,Green Tea Extract,Fat Burner,166,40.7," ? 6,756.20 ",0.13,0,UK,Walmart,,,,,
11/8/2021,Iron Supplement,Mineral,163,21.37," ? 3,483.31 ",0,1,Canada,Amazon,,,,,
11/8/2021,Electrolyte Powder,Hydration,132,43.86," ? 5,789.52 ",0.22,2,Canada,iHerb,,,,,
11/15/2021,Whey Protein,Protein,174,10.61," ? 1,846.14 ",0.17,1,UK,Walmart,,,,,
11/15/2021,Vitamin C,Vitamin,141,23.49," ? 3,312.09 ",0.13,1,UK,Walmart,,,,,
11/15/2021,Fish Oil,Omega,150,29.36," ? 4,404.00 ",0.06,0,Canada,Walmart,,,,,
11/15/2021,Multivitamin,Vitamin,144,47.84," ? 6,888.96 ",0.17,0,USA,iHerb,,,,,
11/15/2021,Pre-Workout,Performance,153,34.21," ? 5,234.13 ",0.14,1,USA,Walmart,,,,,
11/15/2021,BCAA,Amino Acid,152,15.48," ? 2,352.96 ",0.19,0,USA,iHerb,,,,,
11/15/2021,Creatine,Performance,180,32.16," ? 5,788.80 ",0.05,2,UK,Walmart,,,,,
11/15/2021,Zinc,Mineral,155,40.17," ? 6,226.35 ",0.08,3,USA,Amazon,,,,,
11/15/2021,Collagen Peptides,Protein,166,26.24," ? 4,355.84 ",0.07,0,UK,Amazon,,,,,
11/15/2021,Magnesium,Mineral,163,26.26," ? 4,280.38 ",0.12,3,USA,iHerb,,,,,
11/15/2021,Ashwagandha,Herbal,134,54.88," ? 7,353.92 ",0.24,1,USA,Amazon,,,,,
11/15/2021,Melatonin,Sleep Aid,139,26.65," ? 3,704.35 ",0.04,2,UK,Walmart,,,,,
11/15/2021,Biotin,Vitamin,149,11.61," ? 1,729.89 ",0.16,2,Canada,Amazon,,,,,
11/15/2021,Green Tea Extract,Fat Burner,144,10.7," ? 1,540.80 ",0,1,UK,iHerb,,,,,
11/15/2021,Iron Supplement,Mineral,131,18.85," ? 2,469.35 ",0.01,3,Canada,Amazon,,,,,
11/15/2021,Electrolyte Powder,Hydration,168,43.61," ? 7,326.48 ",0,5,USA,iHerb,,,,,
11/22/2021,Whey Protein,Protein,156,54.68," ? 8,530.08 ",0.07,2,Canada,iHerb,,,,,
11/22/2021,Vitamin C,Vitamin,135,37.91," ? 5,117.85 ",0.19,2,UK,Amazon,,,,,
11/22/2021,Fish Oil,Omega,140,47.86," ? 6,700.40 ",0.25,2,USA,Amazon,,,,,
11/22/2021,Multivitamin,Vitamin,149,30.49," ? 4,543.01 ",0.13,1,USA,iHerb,,,,,
11/22/2021,Pre-Workout,Performance,148,36.34," ? 5,378.32 ",0.08,1,Canada,Amazon,,,,,
11/22/2021,BCAA,Amino Acid,140,42.69," ? 5,976.60 ",0.17,2,Canada,Walmart,,,,,
11/22/2021,Creatine,Performance,150,56.82," ? 8,523.00 ",0.2,2,USA,Walmart,,,,,
11/22/2021,Zinc,Mineral,142,32.11," ? 4,559.62 ",0.01,4,USA,iHerb,,,,,
11/22/2021,Collagen Peptides,Protein,153,42.79," ? 6,546.87 ",0.12,0,USA,Walmart,,,,,
11/22/2021,Magnesium,Mineral,154,30.84," ? 4,749.36 ",0.19,1,USA,iHerb,,,,,
11/22/2021,Ashwagandha,Herbal,139,28.6," ? 3,975.40 ",0.21,2,USA,iHerb,,,,,
11/22/2021,Melatonin,Sleep Aid,146,46.04," ? 6,721.84 ",0.06,0,Canada,iHerb,,,,,
11/22/2021,Biotin,Vitamin,157,23.06," ? 3,620.42 ",0.13,1,Canada,Walmart,,,,,
11/22/2021,Green Tea Extract,Fat Burner,136,11.79," ? 1,603.44 ",0.18,1,Canada,iHerb,,,,,
11/22/2021,Iron Supplement,Mineral,131,15.13," ? 1,982.03 ",0.15,0,USA,iHerb,,,,,
11/22/2021,Electrolyte Powder,Hydration,160,22.47," ? 3,595.20 ",0.22,2,Canada,Walmart,,,,,
11/29/2021,Whey Protein,Protein,128,34.65," ? 4,435.20 ",0.21,1,USA,iHerb,,,,,
11/29/2021,Vitamin C,Vitamin,140,33.02," ? 4,622.80 ",0.01,0,Canada,iHerb,,,,,
11/29/2021,Fish Oil,Omega,133,38.36," ? 5,101.88 ",0.14,0,Canada,Amazon,,,,,
11/29/2021,Multivitamin,Vitamin,149,29.88," ? 4,452.12 ",0.16,2,UK,Walmart,,,,,
11/29/2021,Pre-Workout,Performance,161,52.9," ? 8,516.90 ",0.1,3,Canada,Amazon,,,,,
11/29/2021,BCAA,Amino Acid,140,12.66," ? 1,772.40 ",0.2,1,USA,Walmart,,,,,
11/29/2021,Creatine,Performance,140,55.07," ? 7,709.80 ",0.21,1,USA,Walmart,,,,,
11/29/2021,Zinc,Mineral,154,29.58," ? 4,555.32 ",0.23,0,UK,Walmart,,,,,
11/29/2021,Collagen Peptides,Protein,147,34.91," ? 5,131.77 ",0.11,1,UK,iHerb,,,,,
11/29/2021,Magnesium,Mineral,135,22.12," ? 2,986.20 ",0.05,0,Canada,Amazon,,,,,
11/29/2021,Ashwagandha,Herbal,160,41.33," ? 6,612.80 ",0.18,2,USA,Walmart,,,,,
11/29/2021,Melatonin,Sleep Aid,149,28.8," ? 4,291.20 ",0.16,1,UK,Amazon,,,,,
11/29/2021,Biotin,Vitamin,164,18.53," ? 3,038.92 ",0.03,2,USA,Walmart,,,,,
11/29/2021,Green Tea Extract,Fat Burner,143,54.43," ? 7,783.49 ",0.06,3,Canada,iHerb,,,,,
11/29/2021,Iron Supplement,Mineral,158,20.07," ? 3,171.06 ",0.06,1,UK,Amazon,,,,,
11/29/2021,Electrolyte Powder,Hydration,137,26.07," ? 3,571.59 ",0.04,0,Canada,Walmart,,,,,
12/6/2021,Whey Protein,Protein,161,11.42," ? 1,838.62 ",0.16,4,Canada,Amazon,,,,,
12/6/2021,Vitamin C,Vitamin,144,38.52," ? 5,546.88 ",0.23,2,UK,iHerb,,,,,
12/6/2021,Fish Oil,Omega,154,37.09," ? 5,711.86 ",0.02,2,Canada,Amazon,,,,,
12/6/2021,Multivitamin,Vitamin,141,37.28," ? 5,256.48 ",0.18,2,UK,Amazon,,,,,
12/6/2021,Pre-Workout,Performance,138,35.63," ? 4,916.94 ",0.08,3,UK,Walmart,,,,,
12/6/2021,BCAA,Amino Acid,149,39.03," ? 5,815.47 ",0.19,1,UK,iHerb,,,,,
12/6/2021,Creatine,Performance,163,37.3," ? 6,079.90 ",0.05,1,USA,Amazon,,,,,
12/6/2021,Zinc,Mineral,143,58.35," ? 8,344.05 ",0.04,2,UK,Amazon,,,,,
12/6/2021,Collagen Peptides,Protein,157,12.02," ? 1,887.14 ",0.1,4,UK,Amazon,,,,,
12/6/2021,Magnesium,Mineral,150,14.2," ? 2,130.00 ",0.17,2,Canada,Amazon,,,,,
12/6/2021,Ashwagandha,Herbal,163,33.55," ? 5,468.65 ",0.1,1,USA,Walmart,,,,,
12/6/2021,Melatonin,Sleep Aid,148,31.62," ? 4,679.76 ",0.24,0,UK,iHerb,,,,,
12/6/2021,Biotin,Vitamin,171,41.19," ? 7,043.49 ",0.21,1,UK,iHerb,,,,,
12/6/2021,Green Tea Extract,Fat Burner,147,28.74," ? 4,224.78 ",0.23,3,UK,Walmart,,,,,
12/6/2021,Iron Supplement,Mineral,132,31.39," ? 4,143.48 ",0.02,1,USA,iHerb,,,,,
12/6/2021,Electrolyte Powder,Hydration,135,10.36," ? 1,398.60 ",0.08,2,Canada,iHerb,,,,,
12/13/2021,Whey Protein,Protein,149,53.71," ? 8,002.79 ",0.09,0,Canada,Amazon,,,,,
12/13/2021,Vitamin C,Vitamin,163,59.9," ? 9,763.70 ",0.06,2,Canada,Walmart,,,,,
12/13/2021,Fish Oil,Omega,169,55.41," ? 9,364.29 ",0.08,5,UK,Amazon,,,,,
12/13/2021,Multivitamin,Vitamin,151,21.17," ? 3,196.67 ",0.18,0,Canada,Amazon,,,,,
12/13/2021,Pre-Workout,Performance,152,57.78," ? 8,782.56 ",0.01,0,UK,iHerb,,,,,
12/13/2021,BCAA,Amino Acid,140,21.64," ? 3,029.60 ",0.12,3,USA,iHerb,,,,,
12/13/2021,Creatine,Performance,158,14.45," ? 2,283.10 ",0.17,0,USA,Amazon,,,,,
12/13/2021,Zinc,Mineral,161,30.85," ? 4,966.85 ",0.09,3,Canada,Amazon,,,,,
12/13/2021,Collagen Peptides,Protein,134,17.1," ? 2,291.40 ",0.18,3,UK,Walmart,,,,,
12/13/2021,Magnesium,Mineral,148,56.37," ? 8,342.76 ",0.13,1,UK,iHerb,,,,,
12/13/2021,Ashwagandha,Herbal,153,15.34," ? 2,347.02 ",0.21,1,UK,Walmart,,,,,
12/13/2021,Melatonin,Sleep Aid,128,28.85," ? 3,692.80 ",0.03,2,USA,iHerb,,,,,
12/13/2021,Biotin,Vitamin,163,40.08," ? 6,533.04 ",0.15,1,USA,Amazon,,,,,
12/13/2021,Green Tea Extract,Fat Burner,169,33.24," ? 5,617.56 ",0.25,1,Canada,Amazon,,,,,
12/13/2021,Iron Supplement,Mineral,137,50.7," ? 6,945.90 ",0.19,2,Canada,Walmart,,,,,
12/13/2021,Electrolyte Powder,Hydration,158,53.1," ? 8,389.80 ",0.22,0,UK,Walmart,,,,,
12/20/2021,Whey Protein,Protein,167,42.32," ? 7,067.44 ",0.14,0,Canada,Walmart,,,,,
12/20/2021,Vitamin C,Vitamin,159,42.39," ? 6,740.01 ",0.13,1,Canada,iHerb,,,,,
12/20/2021,Fish Oil,Omega,137,17.94," ? 2,457.78 ",0.05,4,UK,Amazon,,,,,
12/20/2021,Multivitamin,Vitamin,136,39.53," ? 5,376.08 ",0.15,0,USA,Walmart,,,,,
12/20/2021,Pre-Workout,Performance,161,21.87," ? 3,521.07 ",0.07,4,USA,Amazon,,,,,
12/20/2021,BCAA,Amino Acid,163,14.11," ? 2,299.93 ",0.1,2,USA,Walmart,,,,,
12/20/2021,Creatine,Performance,138,40.05," ? 5,526.90 ",0.08,2,USA,Amazon,,,,,
12/20/2021,Zinc,Mineral,164,51.93," ? 8,516.52 ",0.03,3,Canada,Walmart,,,,,
12/20/2021,Collagen Peptides,Protein,136,42.09," ? 5,724.24 ",0.12,3,USA,Walmart,,,,,
12/20/2021,Magnesium,Mineral,145,35.04," ? 5,080.80 ",0.11,1,UK,Walmart,,,,,
12/20/2021,Ashwagandha,Herbal,157,52.65," ? 8,266.05 ",0.24,1,Canada,iHerb,,,,,
12/20/2021,Melatonin,Sleep Aid,158,43.85," ? 6,928.30 ",0.12,5,Canada,Walmart,,,,,
12/20/2021,Biotin,Vitamin,162,22.59," ? 3,659.58 ",0.09,0,UK,Amazon,,,,,
12/20/2021,Green Tea Extract,Fat Burner,151,36.26," ? 5,475.26 ",0.24,3,Canada,Amazon,,,,,
12/20/2021,Iron Supplement,Mineral,136,31.2," ? 4,243.20 ",0.09,2,UK,iHerb,,,,,
12/20/2021,Electrolyte Powder,Hydration,151,52.65," ? 7,950.15 ",0.2,0,USA,iHerb,,,,,
12/27/2021,Whey Protein,Protein,158,24.73," ? 3,907.34 ",0.01,1,UK,iHerb,,,,,
12/27/2021,Vitamin C,Vitamin,145,44.73," ? 6,485.85 ",0.19,1,USA,Amazon,,,,,
12/27/2021,Fish Oil,Omega,155,22.32," ? 3,459.60 ",0,1,Canada,Walmart,,,,,
12/27/2021,Multivitamin,Vitamin,135,18.33," ? 2,474.55 ",0.13,1,USA,iHerb,,,,,
12/27/2021,Pre-Workout,Performance,142,11.86," ? 1,684.12 ",0.01,2,Canada,Amazon,,,,,
12/27/2021,BCAA,Amino Acid,143,31.59," ? 4,517.37 ",0.11,1,Canada,iHerb,,,,,
12/27/2021,Creatine,Performance,158,16.08," ? 2,540.64 ",0.14,1,Canada,Walmart,,,,,
12/27/2021,Zinc,Mineral,148,34.71," ? 5,137.08 ",0.16,1,USA,Walmart,,,,,
12/27/2021,Collagen Peptides,Protein,159,36.71," ? 5,836.89 ",0.17,3,UK,iHerb,,,,,
12/27/2021,Magnesium,Mineral,148,48.21," ? 7,135.08 ",0.15,0,USA,iHerb,,,,,
12/27/2021,Ashwagandha,Herbal,168,47.42," ? 7,966.56 ",0.19,4,Canada,iHerb,,,,,
12/27/2021,Melatonin,Sleep Aid,124,31.39," ? 3,892.36 ",0.08,0,USA,Walmart,,,,,
12/27/2021,Biotin,Vitamin,152,15.23," ? 2,314.96 ",0.15,2,UK,Amazon,,,,,
12/27/2021,Green Tea Extract,Fat Burner,147,53.27," ? 7,830.69 ",0.07,0,USA,Amazon,,,,,
12/27/2021,Iron Supplement,Mineral,148,38.79," ? 5,740.92 ",0.15,2,Canada,iHerb,,,,,
12/27/2021,Electrolyte Powder,Hydration,150,52.91," ? 7,936.50 ",0.08,4,USA,iHerb,,,,,
1/3/2022,Whey Protein,Protein,130,12.33," ? 1,602.90 ",0.18,2,Canada,iHerb,,,,,
1/3/2022,Vitamin C,Vitamin,148,39.51," ? 5,847.48 ",0.16,3,USA,Walmart,,,,,
1/3/2022,Fish Oil,Omega,142,55.3," ? 7,852.60 ",0.23,4,USA,Amazon,,,,,
1/3/2022,Multivitamin,Vitamin,169,51.19," ? 8,651.11 ",0.1,5,UK,Walmart,,,,,
1/3/2022,Pre-Workout,Performance,149,36.49," ? 5,437.01 ",0.08,0,USA,Walmart,,,,,
1/3/2022,BCAA,Amino Acid,168,16.98," ? 2,852.64 ",0.19,2,UK,Walmart,,,,,
1/3/2022,Creatine,Performance,147,52.99," ? 7,789.53 ",0.18,1,Canada,iHerb,,,,,
1/3/2022,Zinc,Mineral,154,33.7," ? 5,189.80 ",0.05,0,Canada,Amazon,,,,,
1/3/2022,Collagen Peptides,Protein,156,30.19," ? 4,709.64 ",0.05,2,Canada,Walmart,,,,,
1/3/2022,Magnesium,Mineral,166,53.44," ? 8,871.04 ",0.13,2,USA,Amazon,,,,,
1/3/2022,Ashwagandha,Herbal,135,29.48," ? 3,979.80 ",0.13,3,UK,iHerb,,,,,
1/3/2022,Melatonin,Sleep Aid,166,18.64," ? 3,094.24 ",0.09,1,USA,Walmart,,,,,
1/3/2022,Biotin,Vitamin,154,58.11," ? 8,948.94 ",0.16,3,UK,Amazon,,,,,
1/3/2022,Green Tea Extract,Fat Burner,151,36.23," ? 5,470.73 ",0.14,2,UK,Amazon,,,,,
1/3/2022,Iron Supplement,Mineral,139,28.2," ? 3,919.80 ",0.24,1,Canada,iHerb,,,,,
1/3/2022,Electrolyte Powder,Hydration,160,23.28," ? 3,724.80 ",0.14,3,USA,iHerb,,,,,
1/10/2022,Whey Protein,Protein,149,20.72," ? 3,087.28 ",0.02,3,Canada,Amazon,,,,,
1/10/2022,Vitamin C,Vitamin,156,51.35," ? 8,010.60 ",0.21,2,USA,Amazon,,,,,
1/10/2022,Fish Oil,Omega,146,31.61," ? 4,615.06 ",0.13,1,UK,Amazon,,,,,
1/10/2022,Multivitamin,Vitamin,152,12.4," ? 1,884.80 ",0.22,1,Canada,Walmart,,,,,
1/10/2022,Pre-Workout,Performance,153,10.17," ? 1,556.01 ",0.06,2,UK,Amazon,,,,,
1/10/2022,BCAA,Amino Acid,139,19.08," ? 2,652.12 ",0,2,USA,Walmart,,,,,
1/10/2022,Creatine,Performance,166,19.41," ? 3,222.06 ",0.07,1,UK,Walmart,,,,,
1/10/2022,Zinc,Mineral,179,46.58," ? 8,337.82 ",0.11,1,Canada,Amazon,,,,,
1/10/2022,Collagen Peptides,Protein,148,49.93," ? 7,389.64 ",0.06,2,UK,Amazon,,,,,
1/10/2022,Magnesium,Mineral,138,50.47," ? 6,964.86 ",0.24,1,USA,Amazon,,,,,
1/10/2022,Ashwagandha,Herbal,158,19.22," ? 3,036.76 ",0.11,0,Canada,iHerb,,,,,
1/10/2022,Melatonin,Sleep Aid,153,36.9," ? 5,645.70 ",0.17,0,USA,Amazon,,,,,
1/10/2022,Biotin,Vitamin,152,57.01," ? 8,665.52 ",0.19,4,USA,Walmart,,,,,
1/10/2022,Green Tea Extract,Fat Burner,117,19.77," ? 2,313.09 ",0,0,UK,Amazon,,,,,
1/10/2022,Iron Supplement,Mineral,156,35.45," ? 5,530.20 ",0.22,2,USA,iHerb,,,,,
1/10/2022,Electrolyte Powder,Hydration,146,32.79," ? 4,787.34 ",0.04,2,UK,Walmart,,,,,
1/17/2022,Whey Protein,Protein,145,47.83," ? 6,935.35 ",0.15,1,USA,Amazon,,,,,
1/17/2022,Vitamin C,Vitamin,139,34.32," ? 4,770.48 ",0.06,0,Canada,iHerb,,,,,
1/17/2022,Fish Oil,Omega,136,21.45," ? 2,917.20 ",0.13,1,Canada,Amazon,,,,,
1/17/2022,Multivitamin,Vitamin,153,53.39," ? 8,168.67 ",0.11,0,Canada,Walmart,,,,,
1/17/2022,Pre-Workout,Performance,147,37.89," ? 5,569.83 ",0.16,0,UK,Walmart,,,,,
1/17/2022,BCAA,Amino Acid,155,47.53," ? 7,367.15 ",0.08,2,USA,iHerb,,,,,
1/17/2022,Creatine,Performance,122,45.25," ? 5,520.50 ",0.06,2,USA,Amazon,,,,,
1/17/2022,Zinc,Mineral,155,27.68," ? 4,290.40 ",0.12,2,UK,Walmart,,,,,
1/17/2022,Collagen Peptides,Protein,149,31.68," ? 4,720.32 ",0.05,0,USA,Walmart,,,,,
1/17/2022,Magnesium,Mineral,159,20.12," ? 3,199.08 ",0.24,1,Canada,Walmart,,,,,
1/17/2022,Ashwagandha,Herbal,171,46.12," ? 7,886.52 ",0.02,1,Canada,Walmart,,,,,
1/17/2022,Melatonin,Sleep Aid,144,26.95," ? 3,880.80 ",0.2,0,Canada,Walmart,,,,,
1/17/2022,Biotin,Vitamin,137,30.42," ? 4,167.54 ",0.09,2,USA,iHerb,,,,,
1/17/2022,Green Tea Extract,Fat Burner,131,51.86," ? 6,793.66 ",0.02,3,Canada,Amazon,,,,,
1/17/2022,Iron Supplement,Mineral,142,48.82," ? 6,932.44 ",0.15,2,USA,Amazon,,,,,
1/17/2022,Electrolyte Powder,Hydration,160,51.66," ? 8,265.60 ",0.18,2,USA,iHerb,,,,,
1/24/2022,Whey Protein,Protein,168,20.08," ? 3,373.44 ",0.11,1,Canada,Amazon,,,,,
1/24/2022,Vitamin C,Vitamin,134,35.31," ? 4,731.54 ",0.01,3,UK,Walmart,,,,,
1/24/2022,Fish Oil,Omega,165,21.45," ? 3,539.25 ",0.03,1,UK,iHerb,,,,,
1/24/2022,Multivitamin,Vitamin,141,58.32," ? 8,223.12 ",0.14,3,UK,Walmart,,,,,
1/24/2022,Pre-Workout,Performance,155,52.73," ? 8,173.15 ",0.12,3,Canada,Amazon,,,,,
1/24/2022,BCAA,Amino Acid,142,52.77," ? 7,493.34 ",0.15,3,UK,Amazon,,,,,
1/24/2022,Creatine,Performance,174,35.05," ? 6,098.70 ",0.09,2,Canada,Amazon,,,,,
1/24/2022,Zinc,Mineral,161,37.84," ? 6,092.24 ",0.18,0,Canada,iHerb,,,,,
1/24/2022,Collagen Peptides,Protein,162,57.48," ? 9,311.76 ",0.08,0,Canada,iHerb,,,,,
1/24/2022,Magnesium,Mineral,150,58.48," ? 8,772.00 ",0.01,2,UK,Amazon,,,,,
1/24/2022,Ashwagandha,Herbal,151,13.29," ? 2,006.79 ",0.16,2,UK,Amazon,,,,,
1/24/2022,Melatonin,Sleep Aid,142,25.21," ? 3,579.82 ",0.11,1,UK,Amazon,,,,,
1/24/2022,Biotin,Vitamin,145,29.36," ? 4,257.20 ",0.15,1,USA,iHerb,,,,,
1/24/2022,Green Tea Extract,Fat Burner,157,24.23," ? 3,804.11 ",0.2,0,Canada,Walmart,,,,,
1/24/2022,Iron Supplement,Mineral,165,51.72," ? 8,533.80 ",0.09,2,UK,Walmart,,,,,
1/24/2022,Electrolyte Powder,Hydration,136,20.8," ? 2,828.80 ",0.03,1,Canada,Amazon,,,,,
1/31/2022,Whey Protein,Protein,150,49.49," ? 7,423.50 ",0.16,2,Canada,Walmart,,,,,
1/31/2022,Vitamin C,Vitamin,147,30.73," ? 4,517.31 ",0.21,1,USA,iHerb,,,,,
1/31/2022,Fish Oil,Omega,165,15.32," ? 2,527.80 ",0.12,2,Canada,Amazon,,,,,
1/31/2022,Multivitamin,Vitamin,142,39.75," ? 5,644.50 ",0.08,0,USA,Walmart,,,,,
1/31/2022,Pre-Workout,Performance,159,51.72," ? 8,223.48 ",0.11,2,Canada,Walmart,,,,,
1/31/2022,BCAA,Amino Acid,166,28.58," ? 4,744.28 ",0.05,3,UK,Walmart,,,,,
1/31/2022,Creatine,Performance,148,55.22," ? 8,172.56 ",0.05,0,Canada,iHerb,,,,,
1/31/2022,Zinc,Mineral,156,26," ? 4,056.00 ",0.08,2,UK,Walmart,,,,,
1/31/2022,Collagen Peptides,Protein,137,21.17," ? 2,900.29 ",0.02,3,UK,iHerb,,,,,
1/31/2022,Magnesium,Mineral,165,45.12," ? 7,444.80 ",0.14,3,UK,Amazon,,,,,
1/31/2022,Ashwagandha,Herbal,143,34.27," ? 4,900.61 ",0.09,3,Canada,Amazon,,,,,
1/31/2022,Melatonin,Sleep Aid,136,38.85," ? 5,283.60 ",0.16,0,UK,Walmart,,,,,
1/31/2022,Biotin,Vitamin,146,22.33," ? 3,260.18 ",0.17,2,USA,Amazon,,,,,
1/31/2022,Green Tea Extract,Fat Burner,148,46.83," ? 6,930.84 ",0.11,2,Canada,Walmart,,,,,
1/31/2022,Iron Supplement,Mineral,157,53.93," ? 8,467.01 ",0.09,1,UK,Walmart,,,,,
1/31/2022,Electrolyte Powder,Hydration,139,12.15," ? 1,688.85 ",0.22,2,USA,iHerb,,,,,
2/7/2022,Whey Protein,Protein,156,52.46," ? 8,183.76 ",0.12,3,UK,Amazon,,,,,
2/7/2022,Vitamin C,Vitamin,145,44.93," ? 6,514.85 ",0.06,1,Canada,Walmart,,,,,
2/7/2022,Fish Oil,Omega,151,39.56," ? 5,973.56 ",0.08,0,Canada,Walmart,,,,,
2/7/2022,Multivitamin,Vitamin,177,53.85," ? 9,531.45 ",0.17,1,USA,iHerb,,,,,
2/7/2022,Pre-Workout,Performance,150,58.01," ? 8,701.50 ",0.06,3,Canada,Walmart,,,,,
2/7/2022,BCAA,Amino Acid,172,56.56," ? 9,728.32 ",0.1,4,Canada,Walmart,,,,,
2/7/2022,Creatine,Performance,157,55.34," ? 8,688.38 ",0.12,1,USA,Amazon,,,,,
2/7/2022,Zinc,Mineral,152,33.46," ? 5,085.92 ",0.21,0,Canada,Walmart,,,,,
2/7/2022,Collagen Peptides,Protein,141,30.79," ? 4,341.39 ",0.18,2,USA,Walmart,,,,,
2/7/2022,Magnesium,Mineral,176,22.73," ? 4,000.48 ",0.23,3,USA,iHerb,,,,,
2/7/2022,Ashwagandha,Herbal,153,56.22," ? 8,601.66 ",0.18,1,UK,Walmart,,,,,
2/7/2022,Melatonin,Sleep Aid,158,29.32," ? 4,632.56 ",0.1,0,USA,iHerb,,,,,
2/7/2022,Biotin,Vitamin,156,59.41," ? 9,267.96 ",0.09,2,UK,Walmart,,,,,
2/7/2022,Green Tea Extract,Fat Burner,174,45.88," ? 7,983.12 ",0.19,0,UK,Walmart,,,,,
2/7/2022,Iron Supplement,Mineral,165,11.67," ? 1,925.55 ",0.02,0,UK,Amazon,,,,,
2/7/2022,Electrolyte Powder,Hydration,144,36.62," ? 5,273.28 ",0.07,3,Canada,Amazon,,,,,
2/14/2022,Whey Protein,Protein,145,25.01," ? 3,626.45 ",0.13,1,Canada,Walmart,,,,,
2/14/2022,Vitamin C,Vitamin,142,50.96," ? 7,236.32 ",0.25,1,UK,Walmart,,,,,
2/14/2022,Fish Oil,Omega,146,45.92," ? 6,704.32 ",0.1,3,Canada,Walmart,,,,,
2/14/2022,Multivitamin,Vitamin,152,42.33," ? 6,434.16 ",0.24,2,Canada,Walmart,,,,,
2/14/2022,Pre-Workout,Performance,118,33.53," ? 3,956.54 ",0.08,2,UK,Amazon,,,,,
2/14/2022,BCAA,Amino Acid,163,59.47," ? 9,693.61 ",0.07,3,USA,Amazon,,,,,
2/14/2022,Creatine,Performance,160,46.71," ? 7,473.60 ",0.03,3,USA,Walmart,,,,,
2/14/2022,Zinc,Mineral,151,42.79," ? 6,461.29 ",0.16,0,Canada,iHerb,,,,,
2/14/2022,Collagen Peptides,Protein,152,56.41," ? 8,574.32 ",0.13,2,UK,iHerb,,,,,
2/14/2022,Magnesium,Mineral,148,20.24," ? 2,995.52 ",0.09,2,USA,Walmart,,,,,
2/14/2022,Ashwagandha,Herbal,164,32.4," ? 5,313.60 ",0.21,3,Canada,Amazon,,,,,
2/14/2022,Melatonin,Sleep Aid,142,43.94," ? 6,239.48 ",0.14,0,USA,Walmart,,,,,
2/14/2022,Biotin,Vitamin,143,44.41," ? 6,350.63 ",0.25,2,Canada,iHerb,,,,,
2/14/2022,Green Tea Extract,Fat Burner,175,48.57," ? 8,499.75 ",0.01,2,Canada,iHerb,,,,,
2/14/2022,Iron Supplement,Mineral,149,53.12," ? 7,914.88 ",0.21,0,UK,Amazon,,,,,
2/14/2022,Electrolyte Powder,Hydration,154,30.78," ? 4,740.12 ",0.21,1,UK,iHerb,,,,,
2/21/2022,Whey Protein,Protein,175,43.14," ? 7,549.50 ",0.17,1,USA,iHerb,,,,,
2/21/2022,Vitamin C,Vitamin,144,48.09," ? 6,924.96 ",0.08,1,UK,Walmart,,,,,
2/21/2022,Fish Oil,Omega,126,34.29," ? 4,320.54 ",0.02,2,Canada,Amazon,,,,,
2/21/2022,Multivitamin,Vitamin,152,58.85," ? 8,945.20 ",0.16,0,USA,iHerb,,,,,
2/21/2022,Pre-Workout,Performance,158,49.78," ? 7,865.24 ",0.15,2,UK,iHerb,,,,,
2/21/2022,BCAA,Amino Acid,156,42," ? 6,552.00 ",0.15,0,Canada,Amazon,,,,,
2/21/2022,Creatine,Performance,138,16.41," ? 2,264.58 ",0.07,2,UK,iHerb,,,,,
2/21/2022,Zinc,Mineral,144,57.06," ? 8,216.64 ",0.06,1,USA,iHerb,,,,,
2/21/2022,Collagen Peptides,Protein,154,55.08," ? 8,482.32 ",0.23,2,UK,Walmart,,,,,
2/21/2022,Magnesium,Mineral,140,29.19," ? 4,086.60 ",0.04,2,USA,iHerb,,,,,
2/21/2022,Ashwagandha,Herbal,156,51.83," ? 8,085.48 ",0.06,1,Canada,Walmart,,,,,
2/21/2022,Melatonin,Sleep Aid,156,32.06," ? 5,001.36 ",0.02,1,Canada,Amazon,,,,,
2/21/2022,Biotin,Vitamin,147,45.13," ? 6,634.11 ",0.24,1,Canada,iHerb,,,,,
2/21/2022,Green Tea Extract,Fat Burner,148,40.48," ? 5,991.04 ",0.03,2,USA,Walmart,,,,,
2/21/2022,Iron Supplement,Mineral,137,36.46," ? 4,995.02 ",0.22,1,USA,iHerb,,,,,
2/21/2022,Electrolyte Powder,Hydration,142,53.71," ? 7,626.82 ",0.04,1,Canada,iHerb,,,,,
2/28/2022,Whey Protein,Protein,137,33.72," ? 4,619.64 ",0.09,1,Canada,Amazon,,,,,
2/28/2022,Vitamin C,Vitamin,165,45.89," ? 7,571.85 ",0.22,3,USA,Amazon,,,,,
2/28/2022,Fish Oil,Omega,144,11.24," ? 1,618.56 ",0.09,3,Canada,Amazon,,,,,
2/28/2022,Multivitamin,Vitamin,142,25.13," ? 3,568.46 ",0.15,1,UK,iHerb,,,,,
2/28/2022,Pre-Workout,Performance,158,43.71," ? 6,906.18 ",0.05,4,Canada,iHerb,,,,,
2/28/2022,BCAA,Amino Acid,141,14.5," ? 2,044.50 ",0.14,0,Canada,Walmart,,,,,
2/28/2022,Creatine,Performance,135,24.08," ? 3,250.80 ",0.15,2,USA,Walmart,,,,,
2/28/2022,Zinc,Mineral,160,22.27," ? 3,563.20 ",0.24,0,USA,iHerb,,,,,
2/28/2022,Collagen Peptides,Protein,167,57.36," ? 9,579.12 ",0.09,1,USA,Amazon,,,,,
2/28/2022,Magnesium,Mineral,158,25.9," ? 4,092.20 ",0.14,2,USA,Amazon,,,,,
2/28/2022,Ashwagandha,Herbal,119,32.9," ? 3,915.10 ",0.03,1,USA,iHerb,,,,,
2/28/2022,Melatonin,Sleep Aid,139,19.88," ? 2,763.32 ",0.14,0,USA,Walmart,,,,,
2/28/2022,Biotin,Vitamin,179,45.42," ? 8,130.18 ",0.02,0,Canada,Walmart,,,,,
2/28/2022,Green Tea Extract,Fat Burner,150,57.58," ? 8,637.00 ",0.24,2,UK,Walmart,,,,,
2/28/2022,Iron Supplement,Mineral,154,27.81," ? 4,282.74 ",0.24,2,UK,Walmart,,,,,
2/28/2022,Electrolyte Powder,Hydration,153,12.33," ? 1,886.49 ",0.24,1,Canada,Walmart,,,,,
3/7/2022,Whey Protein,Protein,148,51.85," ? 7,673.80 ",0.01,3,UK,Amazon,,,,,
3/7/2022,Vitamin C,Vitamin,135,46.49," ? 6,276.15 ",0.04,1,USA,Walmart,,,,,
3/7/2022,Fish Oil,Omega,143,52.96," ? 7,573.28 ",0.1,1,UK,Walmart,,,,,
3/7/2022,Multivitamin,Vitamin,137,53.58," ? 7,340.46 ",0.09,4,UK,Amazon,,,,,
3/7/2022,Pre-Workout,Performance,176,18.87," ? 3,321.12 ",0.22,1,Canada,Walmart,,,,,
3/7/2022,BCAA,Amino Acid,153,16.67," ? 2,550.51 ",0.03,3,UK,Amazon,,,,,
3/7/2022,Creatine,Performance,159,48.46," ? 7,705.14 ",0.11,2,USA,Amazon,,,,,
3/7/2022,Zinc,Mineral,145,46.45," ? 6,735.25 ",0.1,4,UK,iHerb,,,,,
3/7/2022,Collagen Peptides,Protein,144,56.65," ? 8,157.60 ",0.06,2,UK,iHerb,,,,,
3/7/2022,Magnesium,Mineral,148,32.51," ? 4,811.48 ",0.19,1,UK,Amazon,,,,,
3/7/2022,Ashwagandha,Herbal,139,31.27," ? 4,346.53 ",0.19,2,USA,Amazon,,,,,
3/7/2022,Melatonin,Sleep Aid,157,34.07," ? 5,348.99 ",0.01,3,Canada,Amazon,,,,,
3/7/2022,Biotin,Vitamin,155,49.39," ? 7,655.45 ",0.06,2,UK,iHerb,,,,,
3/7/2022,Green Tea Extract,Fat Burner,157,37.27," ? 5,851.39 ",0.04,1,USA,Amazon,,,,,
3/7/2022,Iron Supplement,Mineral,167,51.98," ? 8,680.66 ",0.15,1,UK,iHerb,,,,,
3/7/2022,Electrolyte Powder,Hydration,153,29.93," ? 4,579.29 ",0.03,1,UK,iHerb,,,,,
3/14/2022,Whey Protein,Protein,128,30.8," ? 3,942.40 ",0.08,3,Canada,iHerb,,,,,
3/14/2022,Vitamin C,Vitamin,145,36.51," ? 5,293.95 ",0.18,1,Canada,Amazon,,,,,
3/14/2022,Fish Oil,Omega,175,51.57," ? 9,024.75 ",0.09,0,Canada,iHerb,,,,,
3/14/2022,Multivitamin,Vitamin,156,33.76," ? 5,266.56 ",0.05,2,Canada,Walmart,,,,,
3/14/2022,Pre-Workout,Performance,163,34.79," ? 5,670.77 ",0.23,3,USA,iHerb,,,,,
3/14/2022,BCAA,Amino Acid,161,37.25," ? 5,997.25 ",0.06,1,USA,Amazon,,,,,
3/14/2022,Creatine,Performance,149,54.8," ? 8,165.20 ",0.1,0,Canada,iHerb,,,,,
3/14/2022,Zinc,Mineral,165,41.09," ? 6,779.85 ",0.01,1,UK,Walmart,,,,,
3/14/2022,Collagen Peptides,Protein,147,55.25," ? 8,121.75 ",0.22,1,USA,Amazon,,,,,
3/14/2022,Magnesium,Mineral,129,26.82," ? 3,459.78 ",0.17,0,Canada,Amazon,,,,,
3/14/2022,Ashwagandha,Herbal,134,20.62," ? 2,763.08 ",0.21,0,Canada,iHerb,,,,,
3/14/2022,Melatonin,Sleep Aid,148,19.13," ? 2,831.24 ",0.15,2,UK,iHerb,,,,,
3/14/2022,Biotin,Vitamin,143,40.17," ? 5,744.31 ",0.1,1,Canada,iHerb,,,,,
3/14/2022,Green Tea Extract,Fat Burner,153,30.14," ? 4,611.42 ",0.09,1,USA,Amazon,,,,,
3/14/2022,Iron Supplement,Mineral,160,57.02," ? 9,123.20 ",0.07,1,USA,Walmart,,,,,
3/14/2022,Electrolyte Powder,Hydration,161,37.35," ? 6,013.35 ",0.01,1,UK,iHerb,,,,,
3/21/2022,Whey Protein,Protein,143,43.81," ? 6,264.83 ",0.09,1,UK,iHerb,,,,,
3/21/2022,Vitamin C,Vitamin,136,26.76," ? 3,639.36 ",0.01,1,USA,iHerb,,,,,
3/21/2022,Fish Oil,Omega,165,47," ? 7,755.00 ",0.16,1,Canada,iHerb,,,,,
3/21/2022,Multivitamin,Vitamin,135,52.73," ? 7,118.55 ",0.17,0,UK,Amazon,,,,,
3/21/2022,Pre-Workout,Performance,139,38.52," ? 5,354.28 ",0.19,0,UK,Amazon,,,,,
3/21/2022,BCAA,Amino Acid,164,44.5," ? 7,298.00 ",0.24,0,Canada,iHerb,,,,,
3/21/2022,Creatine,Performance,169,29.65," ? 5,010.85 ",0.21,3,USA,iHerb,,,,,
3/21/2022,Zinc,Mineral,150,45.41," ? 6,811.50 ",0.21,0,USA,Walmart,,,,,
3/21/2022,Collagen Peptides,Protein,162,32.53," ? 5,269.86 ",0.11,1,Canada,Amazon,,,,,
3/21/2022,Magnesium,Mineral,176,57.66," ? 10,148.16 ",0.05,2,UK,Walmart,,,,,
3/21/2022,Ashwagandha,Herbal,162,40.35," ? 6,536.70 ",0.14,3,UK,iHerb,,,,,
3/21/2022,Melatonin,Sleep Aid,163,52.43," ? 8,546.09 ",0.1,1,UK,Walmart,,,,,
3/21/2022,Biotin,Vitamin,166,50.42," ? 8,369.72 ",0.07,0,USA,Amazon,,,,,
3/21/2022,Green Tea Extract,Fat Burner,150,47.72," ? 7,158.00 ",0.07,1,UK,Walmart,,,,,
3/21/2022,Iron Supplement,Mineral,130,49.07," ? 6,379.10 ",0.04,2,USA,iHerb,,,,,
3/21/2022,Electrolyte Powder,Hydration,171,50.55," ? 8,644.05 ",0.03,1,UK,iHerb,,,,,
3/28/2022,Whey Protein,Protein,168,41.98," ? 7,052.64 ",0.17,1,UK,iHerb,,,,,
3/28/2022,Vitamin C,Vitamin,156,54.99," ? 8,578.44 ",0.08,1,Canada,Amazon,,,,,
3/28/2022,Fish Oil,Omega,166,35.75," ? 5,934.50 ",0.03,1,USA,iHerb,,,,,
3/28/2022,Multivitamin,Vitamin,156,51.82," ? 8,083.92 ",0.24,3,Canada,iHerb,,,,,
3/28/2022,Pre-Workout,Performance,146,27.57," ? 4,025.22 ",0.04,0,Canada,Amazon,,,,,
3/28/2022,BCAA,Amino Acid,146,21.95," ? 3,204.70 ",0.05,4,UK,Amazon,,,,,
3/28/2022,Creatine,Performance,143,55.89," ? 7,992.27 ",0.03,1,Canada,Amazon,,,,,
3/28/2022,Zinc,Mineral,142,12.5," ? 1,775.00 ",0.03,0,Canada,Amazon,,,,,
3/28/2022,Collagen Peptides,Protein,160,27.14," ? 4,342.40 ",0.1,4,USA,Walmart,,,,,
3/28/2022,Magnesium,Mineral,170,54.23," ? 9,219.10 ",0.08,1,UK,Walmart,,,,,
3/28/2022,Ashwagandha,Herbal,154,34.08," ? 5,248.32 ",0.1,5,UK,Walmart,,,,,
3/28/2022,Melatonin,Sleep Aid,163,46.36," ? 7,556.68 ",0.07,0,Canada,iHerb,,,,,
3/28/2022,Biotin,Vitamin,145,10.83," ? 1,570.35 ",0.2,1,USA,Walmart,,,,,
3/28/2022,Green Tea Extract,Fat Burner,153,18.75," ? 2,868.75 ",0.22,2,Canada,Walmart,,,,,
3/28/2022,Iron Supplement,Mineral,145,52.92," ? 7,673.40 ",0.25,2,Canada,Walmart,,,,,
3/28/2022,Electrolyte Powder,Hydration,161,27.77," ? 4,470.97 ",0.14,3,UK,iHerb,,,,,
4/4/2022,Whey Protein,Protein,157,26.84," ? 4,213.88 ",0.04,1,UK,Walmart,,,,,
4/4/2022,Vitamin C,Vitamin,169,20.99," ? 3,547.31 ",0.08,2,UK,iHerb,,,,,
4/4/2022,Fish Oil,Omega,151,18.21," ? 2,749.71 ",0.06,1,UK,iHerb,,,,,
4/4/2022,Multivitamin,Vitamin,149,46.46," ? 6,922.54 ",0.08,2,UK,iHerb,,,,,
4/4/2022,Pre-Workout,Performance,142,48.61," ? 6,902.62 ",0.23,1,USA,Walmart,,,,,
4/4/2022,BCAA,Amino Acid,144,56.36," ? 8,115.84 ",0.23,0,Canada,Walmart,,,,,
4/4/2022,Creatine,Performance,134,15.33," ? 2,054.22 ",0.09,0,Canada,Walmart,,,,,
4/4/2022,Zinc,Mineral,153,15.87," ? 2,428.11 ",0.17,1,Canada,Walmart,,,,,
4/4/2022,Collagen Peptides,Protein,138,13.8," ? 1,904.40 ",0.17,1,Canada,Amazon,,,,,
4/4/2022,Magnesium,Mineral,143,53.23," ? 7,611.89 ",0.12,1,UK,iHerb,,,,,
4/4/2022,Ashwagandha,Herbal,152,19.63," ? 2,983.76 ",0.19,0,Canada,iHerb,,,,,
4/4/2022,Melatonin,Sleep Aid,132,20.44," ? 2,698.08 ",0.08,1,Canada,Walmart,,,,,
4/4/2022,Biotin,Vitamin,148,41.17," ? 6,093.16 ",0.16,2,Canada,iHerb,,,,,
4/4/2022,Green Tea Extract,Fat Burner,142,31.9," ? 4,529.80 ",0.08,4,USA,iHerb,,,,,
4/4/2022,Iron Supplement,Mineral,162,10.28," ? 1,665.36 ",0.01,1,UK,iHerb,,,,,
4/4/2022,Electrolyte Powder,Hydration,133,52.9," ? 7,035.70 ",0.18,0,UK,iHerb,,,,,
4/11/2022,Whey Protein,Protein,146,50.51," ? 7,374.46 ",0.21,3,USA,Amazon,,,,,
4/11/2022,Vitamin C,Vitamin,150,15.59," ? 2,338.50 ",0.14,1,USA,Amazon,,,,,
4/11/2022,Fish Oil,Omega,148,22.85," ? 3,381.80 ",0.01,0,Canada,iHerb,,,,,
4/11/2022,Multivitamin,Vitamin,103,15.52," ? 1,598.56 ",0.06,0,Canada,Walmart,,,,,
4/11/2022,Pre-Workout,Performance,134,52.9," ? 7,088.60 ",0.17,1,UK,iHerb,,,,,
4/11/2022,BCAA,Amino Acid,152,46.41," ? 7,054.32 ",0.17,3,UK,iHerb,,,,,
4/11/2022,Creatine,Performance,166,31.49," ? 5,227.34 ",0.16,3,Canada,iHerb,,,,,
4/11/2022,Zinc,Mineral,137,53.6," ? 7,343.20 ",0.06,1,Canada,Walmart,,,,,
4/11/2022,Collagen Peptides,Protein,134,18.86," ? 2,527.24 ",0.09,1,UK,Amazon,,,,,
4/11/2022,Magnesium,Mineral,133,12.59," ? 1,674.47 ",0.01,0,UK,iHerb,,,,,
4/11/2022,Ashwagandha,Herbal,138,22.03," ? 3,040.14 ",0.13,1,USA,iHerb,,,,,
4/11/2022,Melatonin,Sleep Aid,139,25.48," ? 3,541.72 ",0.23,2,Canada,Walmart,,,,,
4/11/2022,Biotin,Vitamin,148,50.9," ? 7,533.20 ",0.07,1,USA,Amazon,,,,,
4/11/2022,Green Tea Extract,Fat Burner,174,12.11," ? 2,107.14 ",0.11,3,USA,Walmart,,,,,
4/11/2022,Iron Supplement,Mineral,151,39.43," ? 5,953.93 ",0.19,0,UK,Walmart,,,,,
4/11/2022,Electrolyte Powder,Hydration,137,39.68," ? 5,436.16 ",0.22,2,UK,Walmart,,,,,
4/18/2022,Whey Protein,Protein,169,25.71," ? 4,344.99 ",0.24,1,USA,Amazon,,,,,
4/18/2022,Vitamin C,Vitamin,160,16," ? 2,560.00 ",0.13,1,Canada,Walmart,,,,,
4/18/2022,Fish Oil,Omega,161,55.53," ? 8,940.33 ",0,3,UK,Walmart,,,,,
4/18/2022,Multivitamin,Vitamin,174,16.51," ? 2,872.74 ",0.02,0,UK,Amazon,,,,,
4/18/2022,Pre-Workout,Performance,155,59.35," ? 9,199.25 ",0.1,1,UK,Walmart,,,,,
4/18/2022,BCAA,Amino Acid,154,56.84," ? 8,753.36 ",0.2,1,UK,Amazon,,,,,
4/18/2022,Creatine,Performance,155,34.53," ? 5,352.15 ",0.05,0,USA,Amazon,,,,,
4/18/2022,Zinc,Mineral,132,24.89," ? 3,285.48 ",0.14,1,UK,Walmart,,,,,
4/18/2022,Collagen Peptides,Protein,156,16.2," ? 2,527.20 ",0.12,1,Canada,iHerb,,,,,
4/18/2022,Magnesium,Mineral,142,54.79," ? 7,780.18 ",0.17,0,Canada,Amazon,,,,,
4/18/2022,Ashwagandha,Herbal,157,45.09," ? 7,079.13 ",0.19,2,USA,Amazon,,,,,
4/18/2022,Melatonin,Sleep Aid,149,10.55," ? 1,571.95 ",0.23,2,Canada,Walmart,,,,,
4/18/2022,Biotin,Vitamin,140,51.15," ? 7,161.00 ",0.06,0,USA,Walmart,,,,,
4/18/2022,Green Tea Extract,Fat Burner,166,11.05," ? 1,834.30 ",0.12,1,UK,Amazon,,,,,
4/18/2022,Iron Supplement,Mineral,157,13.87," ? 2,177.59 ",0.04,1,USA,iHerb,,,,,
4/18/2022,Electrolyte Powder,Hydration,137,30.8," ? 4,219.60 ",0.02,1,UK,iHerb,,,,,
4/25/2022,Whey Protein,Protein,130,21.98," ? 2,857.40 ",0.21,3,Canada,Amazon,,,,,
4/25/2022,Vitamin C,Vitamin,163,23.62," ? 3,850.06 ",0.14,2,Canada,iHerb,,,,,
4/25/2022,Fish Oil,Omega,163,43.92," ? 7,158.96 ",0.24,1,USA,iHerb,,,,,
4/25/2022,Multivitamin,Vitamin,164,19.81," ? 3,248.84 ",0.14,1,USA,Walmart,,,,,
4/25/2022,Pre-Workout,Performance,167,22.89," ? 3,822.63 ",0.19,0,UK,Walmart,,,,,
4/25/2022,BCAA,Amino Acid,143,41.13," ? 5,881.59 ",0.04,3,UK,Amazon,,,,,
4/25/2022,Creatine,Performance,148,33.39," ? 4,941.72 ",0.07,0,Canada,Walmart,,,,,
4/25/2022,Zinc,Mineral,132,39.46," ? 5,208.72 ",0.07,0,UK,Amazon,,,,,
4/25/2022,Collagen Peptides,Protein,131,58," ? 7,598.00 ",0.01,4,Canada,Amazon,,,,,
4/25/2022,Magnesium,Mineral,143,25.85," ? 3,696.55 ",0.16,0,USA,iHerb,,,,,
4/25/2022,Ashwagandha,Herbal,140,36.43," ? 5,100.20 ",0.23,1,USA,Amazon,,,,,
4/25/2022,Melatonin,Sleep Aid,166,58.96," ? 9,787.36 ",0.24,1,Canada,iHerb,,,,,
4/25/2022,Biotin,Vitamin,167,20.53," ? 3,428.51 ",0.16,0,Canada,iHerb,,,,,
4/25/2022,Green Tea Extract,Fat Burner,164,13.54," ? 2,220.56 ",0.1,2,USA,iHerb,,,,,
4/25/2022,Iron Supplement,Mineral,148,47.46," ? 7,024.08 ",0.14,1,Canada,Walmart,,,,,
4/25/2022,Electrolyte Powder,Hydration,143,26.93," ? 3,850.99 ",0.19,1,UK,Walmart,,,,,
5/2/2022,Whey Protein,Protein,166,21.91," ? 3,637.06 ",0.21,2,UK,iHerb,,,,,
5/2/2022,Vitamin C,Vitamin,138,27.89," ? 3,848.82 ",0.21,1,USA,iHerb,,,,,
5/2/2022,Fish Oil,Omega,158,29.8," ? 4,708.40 ",0.25,3,USA,Amazon,,,,,
5/2/2022,Multivitamin,Vitamin,136,26.49," ? 3,602.64 ",0.16,2,UK,iHerb,,,,,
5/2/2022,Pre-Workout,Performance,159,50.54," ? 8,035.86 ",0.11,0,USA,Walmart,,,,,
5/2/2022,BCAA,Amino Acid,152,49.65," ? 7,546.80 ",0.14,2,Canada,Amazon,,,,,
5/2/2022,Creatine,Performance,173,26.57," ? 4,596.61 ",0.24,3,Canada,Walmart,,,,,
5/2/2022,Zinc,Mineral,143,30.75," ? 4,397.25 ",0.04,4,Canada,Amazon,,,,,
5/2/2022,Collagen Peptides,Protein,147,19.47," ? 2,862.09 ",0.14,0,Canada,Amazon,,,,,
5/2/2022,Magnesium,Mineral,160,41.28," ? 6,604.80 ",0.01,1,USA,iHerb,,,,,
5/2/2022,Ashwagandha,Herbal,128,41.37," ? 5,295.36 ",0.14,1,USA,iHerb,,,,,
5/2/2022,Melatonin,Sleep Aid,152,22.23," ? 3,378.96 ",0.03,3,UK,Walmart,,,,,
5/2/2022,Biotin,Vitamin,154,18.86," ? 2,904.44 ",0.22,2,UK,Walmart,,,,,
5/2/2022,Green Tea Extract,Fat Burner,156,23.1," ? 3,603.60 ",0.24,3,Canada,Walmart,,,,,
5/2/2022,Iron Supplement,Mineral,143,47.95," ? 6,856.85 ",0.07,1,Canada,iHerb,,,,,
5/2/2022,Electrolyte Powder,Hydration,137,46.14," ? 6,321.18 ",0.07,2,UK,iHerb,,,,,
5/9/2022,Whey Protein,Protein,149,49.45," ? 7,368.05 ",0.19,1,Canada,Walmart,,,,,
5/9/2022,Vitamin C,Vitamin,148,58.7," ? 8,687.60 ",0.08,3,USA,iHerb,,,,,
5/9/2022,Fish Oil,Omega,156,40.67," ? 6,344.52 ",0.07,1,USA,Amazon,,,,,
5/9/2022,Multivitamin,Vitamin,133,27.38," ? 3,641.54 ",0.19,1,USA,iHerb,,,,,
5/9/2022,Pre-Workout,Performance,132,40.07," ? 5,289.24 ",0.24,2,Canada,Amazon,,,,,
5/9/2022,BCAA,Amino Acid,137,42.42," ? 5,811.54 ",0.01,0,UK,Walmart,,,,,
5/9/2022,Creatine,Performance,134,31.48," ? 4,218.32 ",0.12,0,UK,Walmart,,,,,
5/9/2022,Zinc,Mineral,156,24.72," ? 3,856.32 ",0,0,Canada,iHerb,,,,,
5/9/2022,Collagen Peptides,Protein,146,28.84," ? 4,210.64 ",0.16,1,UK,Walmart,,,,,
5/9/2022,Magnesium,Mineral,140,40.7," ? 5,698.00 ",0.22,2,Canada,Amazon,,,,,
5/9/2022,Ashwagandha,Herbal,152,28.25," ? 4,294.00 ",0.22,0,USA,Walmart,,,,,
5/9/2022,Melatonin,Sleep Aid,157,40.28," ? 6,323.96 ",0.12,0,UK,Walmart,,,,,
5/9/2022,Biotin,Vitamin,142,37.5," ? 5,325.00 ",0.1,0,Canada,Walmart,,,,,
5/9/2022,Green Tea Extract,Fat Burner,158,40.7," ? 6,430.60 ",0.13,1,USA,Walmart,,,,,
5/9/2022,Iron Supplement,Mineral,153,57.06," ? 8,730.18 ",0.15,1,USA,Walmart,,,,,
5/9/2022,Electrolyte Powder,Hydration,148,18.08," ? 2,675.84 ",0.07,2,USA,iHerb,,,,,
5/16/2022,Whey Protein,Protein,143,16.52," ? 2,362.36 ",0.19,0,UK,Walmart,,,,,
5/16/2022,Vitamin C,Vitamin,153,21.63," ? 3,309.39 ",0.15,1,Canada,Amazon,,,,,
5/16/2022,Fish Oil,Omega,155,34.56," ? 5,356.80 ",0.17,0,Canada,iHerb,,,,,
5/16/2022,Multivitamin,Vitamin,144,13.67," ? 1,968.48 ",0.05,1,Canada,Walmart,,,,,
5/16/2022,Pre-Workout,Performance,161,26.77," ? 4,309.97 ",0.02,2,UK,iHerb,,,,,
5/16/2022,BCAA,Amino Acid,141,58.86," ? 8,299.26 ",0.03,0,Canada,iHerb,,,,,
5/16/2022,Creatine,Performance,149,48.59," ? 7,239.91 ",0.22,1,UK,Walmart,,,,,
5/16/2022,Zinc,Mineral,172,15.67," ? 2,695.24 ",0.01,0,UK,Walmart,,,,,
5/16/2022,Collagen Peptides,Protein,156,48.81," ? 7,614.36 ",0.13,3,Canada,iHerb,,,,,
5/16/2022,Magnesium,Mineral,153,38.06," ? 5,823.18 ",0.13,3,UK,Walmart,,,,,
5/16/2022,Ashwagandha,Herbal,160,48.84," ? 7,814.40 ",0.09,0,UK,Walmart,,,,,
5/16/2022,Melatonin,Sleep Aid,145,15.96," ? 2,314.20 ",0.23,0,Canada,iHerb,,,,,
5/16/2022,Biotin,Vitamin,173,26.49," ? 4,582.77 ",0.1,2,Canada,Walmart,,,,,
5/16/2022,Green Tea Extract,Fat Burner,154,29.46," ? 4,536.84 ",0.12,5,UK,Amazon,,,,,
5/16/2022,Iron Supplement,Mineral,139,24.59," ? 3,418.01 ",0.19,2,Canada,Amazon,,,,,
5/16/2022,Electrolyte Powder,Hydration,142,10.57," ? 1,500.94 ",0.11,1,USA,Walmart,,,,,
5/23/2022,Whey Protein,Protein,141,34.55," ? 4,871.55 ",0.15,0,Canada,iHerb,,,,,
5/23/2022,Vitamin C,Vitamin,146,39.48," ? 5,764.08 ",0.09,2,UK,Walmart,,,,,
5/23/2022,Fish Oil,Omega,170,35.26," ? 5,994.20 ",0.24,0,USA,Walmart,,,,,
5/23/2022,Multivitamin,Vitamin,158,43.98," ? 6,948.84 ",0.09,1,USA,Walmart,,,,,
5/23/2022,Pre-Workout,Performance,157,30.98," ? 4,863.86 ",0.05,0,USA,Amazon,,,,,
5/23/2022,BCAA,Amino Acid,187,39.37," ? 7,362.19 ",0.05,3,USA,Walmart,,,,,
5/23/2022,Creatine,Performance,161,55.6," ? 8,951.60 ",0.05,2,UK,Amazon,,,,,
5/23/2022,Zinc,Mineral,180,15.28," ? 2,750.40 ",0.05,2,Canada,Amazon,,,,,
5/23/2022,Collagen Peptides,Protein,161,42.99," ? 6,921.39 ",0.08,1,Canada,iHerb,,,,,
5/23/2022,Magnesium,Mineral,156,50.6," ? 7,893.60 ",0.04,2,Canada,Amazon,,,,,
5/23/2022,Ashwagandha,Herbal,126,42.81," ? 5,394.06 ",0.21,0,UK,iHerb,,,,,
5/23/2022,Melatonin,Sleep Aid,144,20.58," ? 2,963.52 ",0.2,2,USA,Walmart,,,,,
5/23/2022,Biotin,Vitamin,135,48.74," ? 6,579.90 ",0.08,2,USA,iHerb,,,,,
5/23/2022,Green Tea Extract,Fat Burner,122,17.63," ? 2,150.86 ",0.21,1,Canada,Amazon,,,,,
5/23/2022,Iron Supplement,Mineral,142,12.51," ? 1,776.42 ",0.1,1,UK,iHerb,,,,,
5/23/2022,Electrolyte Powder,Hydration,142,47.55," ? 6,752.10 ",0.02,2,UK,iHerb,,,,,
5/30/2022,Whey Protein,Protein,151,25.65," ? 3,873.15 ",0.14,1,UK,Amazon,,,,,
5/30/2022,Vitamin C,Vitamin,150,20.28," ? 3,042.00 ",0.19,1,UK,iHerb,,,,,
5/30/2022,Fish Oil,Omega,181,44.14," ? 7,989.34 ",0.24,2,USA,Amazon,,,,,
5/30/2022,Multivitamin,Vitamin,166,28.01," ? 4,649.66 ",0.15,0,UK,iHerb,,,,,
5/30/2022,Pre-Workout,Performance,151,47.19," ? 7,125.69 ",0.13,1,Canada,iHerb,,,,,
5/30/2022,BCAA,Amino Acid,127,20.86," ? 2,649.22 ",0.24,4,USA,Amazon,,,,,
5/30/2022,Creatine,Performance,156,20.7," ? 3,229.20 ",0.24,0,UK,Walmart,,,,,
5/30/2022,Zinc,Mineral,131,38.66," ? 5,064.46 ",0.2,1,UK,Amazon,,,,,
5/30/2022,Collagen Peptides,Protein,135,43.95," ? 5,933.25 ",0.21,1,USA,iHerb,,,,,
5/30/2022,Magnesium,Mineral,153,42.3," ? 6,471.90 ",0.25,0,USA,Amazon,,,,,
5/30/2022,Ashwagandha,Herbal,167,22.6," ? 3,774.20 ",0.24,1,USA,iHerb,,,,,
5/30/2022,Melatonin,Sleep Aid,144,22.22," ? 3,199.68 ",0.21,2,USA,iHerb,,,,,
5/30/2022,Biotin,Vitamin,170,16.06," ? 2,730.20 ",0,2,Canada,iHerb,,,,,
5/30/2022,Green Tea Extract,Fat Burner,143,49.09," ? 7,019.87 ",0,2,Canada,Amazon,,,,,
5/30/2022,Iron Supplement,Mineral,143,21.32," ? 3,048.76 ",0.12,1,USA,iHerb,,,,,
5/30/2022,Electrolyte Powder,Hydration,142,48.11," ? 6,831.62 ",0.25,2,USA,iHerb,,,,,
6/6/2022,Whey Protein,Protein,142,20.88," ? 2,964.96 ",0.03,1,USA,iHerb,,,,,
6/6/2022,Vitamin C,Vitamin,154,44.01," ? 6,777.54 ",0.07,1,Canada,iHerb,,,,,
6/6/2022,Fish Oil,Omega,157,20.63," ? 3,238.91 ",0.09,1,USA,iHerb,,,,,
6/6/2022,Multivitamin,Vitamin,130,52.66," ? 6,845.80 ",0.05,0,Canada,Amazon,,,,,
6/6/2022,Pre-Workout,Performance,159,29.67," ? 4,717.53 ",0.02,1,USA,Amazon,,,,,
6/6/2022,BCAA,Amino Acid,161,20.35," ? 3,276.35 ",0.08,0,Canada,iHerb,,,,,
6/6/2022,Creatine,Performance,156,48.27," ? 7,530.12 ",0.21,3,UK,iHerb,,,,,
6/6/2022,Zinc,Mineral,156,59.12," ? 9,222.72 ",0.17,4,Canada,Amazon,,,,,
6/6/2022,Collagen Peptides,Protein,138,26.07," ? 3,597.66 ",0.25,0,USA,Walmart,,,,,
6/6/2022,Magnesium,Mineral,151,31.63," ? 4,776.13 ",0.12,5,UK,Walmart,,,,,
6/6/2022,Ashwagandha,Herbal,147,12.73," ? 1,871.31 ",0.21,2,USA,iHerb,,,,,
6/6/2022,Melatonin,Sleep Aid,147,39.58," ? 5,818.26 ",0,0,USA,Amazon,,,,,
6/6/2022,Biotin,Vitamin,154,19.59," ? 3,016.86 ",0.16,0,UK,Walmart,,,,,
6/6/2022,Green Tea Extract,Fat Burner,143,39.01," ? 5,578.43 ",0.17,2,UK,iHerb,,,,,
6/6/2022,Iron Supplement,Mineral,141,13.93," ? 1,964.13 ",0.11,3,UK,iHerb,,,,,
6/6/2022,Electrolyte Powder,Hydration,139,15.04," ? 2,090.56 ",0.15,2,UK,Walmart,,,,,
6/13/2022,Whey Protein,Protein,155,34.32," ? 5,319.60 ",0.03,1,Canada,iHerb,,,,,
6/13/2022,Vitamin C,Vitamin,156,36.55," ? 5,701.80 ",0.17,2,UK,iHerb,,,,,
6/13/2022,Fish Oil,Omega,167,48.93," ? 8,171.31 ",0.06,2,USA,Amazon,,,,,
6/13/2022,Multivitamin,Vitamin,169,48.96," ? 8,274.24 ",0.18,0,Canada,iHerb,,,,,
6/13/2022,Pre-Workout,Performance,153,58.37," ? 8,930.61 ",0.2,0,USA,Amazon,,,,,
6/13/2022,BCAA,Amino Acid,133,27.24," ? 3,622.92 ",0.01,1,Canada,Amazon,,,,,
6/13/2022,Creatine,Performance,146,50.1," ? 7,314.60 ",0.23,2,UK,iHerb,,,,,
6/13/2022,Zinc,Mineral,163,23.18," ? 3,778.34 ",0.05,2,USA,Walmart,,,,,
6/13/2022,Collagen Peptides,Protein,177,54.07," ? 9,570.39 ",0.16,1,USA,Walmart,,,,,
6/13/2022,Magnesium,Mineral,147,11.57," ? 1,700.79 ",0.17,1,Canada,Walmart,,,,,
6/13/2022,Ashwagandha,Herbal,152,23.87," ? 3,628.24 ",0.12,1,UK,Amazon,,,,,
6/13/2022,Melatonin,Sleep Aid,146,32.56," ? 4,753.76 ",0.15,3,UK,iHerb,,,,,
6/13/2022,Biotin,Vitamin,141,23.05," ? 3,250.05 ",0.07,3,UK,Walmart,,,,,
6/13/2022,Green Tea Extract,Fat Burner,155,16.77," ? 2,599.35 ",0.04,2,UK,iHerb,,,,,
6/13/2022,Iron Supplement,Mineral,159,57.03," ? 9,067.77 ",0.05,1,USA,iHerb,,,,,
6/13/2022,Electrolyte Powder,Hydration,140,55.73," ? 7,802.20 ",0.14,2,Canada,Amazon,,,,,
6/20/2022,Whey Protein,Protein,150,13.21," ? 1,981.50 ",0.13,2,Canada,Amazon,,,,,
6/20/2022,Vitamin C,Vitamin,139,50.53," ? 7,023.67 ",0.1,2,USA,Amazon,,,,,
6/20/2022,Fish Oil,Omega,147,48.2," ? 7,085.40 ",0.25,1,USA,Amazon,,,,,
6/20/2022,Multivitamin,Vitamin,147,20.2," ? 2,969.40 ",0.17,3,UK,Amazon,,,,,
6/20/2022,Pre-Workout,Performance,146,24.25," ? 3,540.50 ",0.11,1,UK,Walmart,,,,,
6/20/2022,BCAA,Amino Acid,140,10.39," ? 1,454.60 ",0.13,2,UK,Amazon,,,,,
6/20/2022,Creatine,Performance,141,43.45," ? 6,126.45 ",0.16,1,Canada,Walmart,,,,,
6/20/2022,Zinc,Mineral,144,47.92," ? 6,900.48 ",0.08,0,Canada,Amazon,,,,,
6/20/2022,Collagen Peptides,Protein,128,39.14," ? 5,009.92 ",0.01,1,UK,Walmart,,,,,
6/20/2022,Magnesium,Mineral,160,48.17," ? 7,707.20 ",0.19,1,UK,Walmart,,,,,
6/20/2022,Ashwagandha,Herbal,158,29.87," ? 4,719.46 ",0.05,1,USA,Walmart,,,,,
6/20/2022,Melatonin,Sleep Aid,171,18.65," ? 3,189.15 ",0.17,1,USA,iHerb,,,,,
6/20/2022,Biotin,Vitamin,153,35.75," ? 5,469.75 ",0.2,2,UK,iHerb,,,,,
6/20/2022,Green Tea Extract,Fat Burner,154,51.8," ? 7,977.20 ",0.23,0,Canada,Walmart,,,,,
6/20/2022,Iron Supplement,Mineral,150,47.73," ? 7,159.50 ",0.18,0,Canada,Amazon,,,,,
6/20/2022,Electrolyte Powder,Hydration,166,49.86," ? 8,276.76 ",0.11,1,USA,Amazon,,,,,
6/27/2022,Whey Protein,Protein,136,43.09," ? 5,860.24 ",0.14,0,USA,iHerb,,,,,
6/27/2022,Vitamin C,Vitamin,133,47.19," ? 6,276.27 ",0.18,0,USA,iHerb,,,,,
6/27/2022,Fish Oil,Omega,152,55.19," ? 8,388.88 ",0.23,2,USA,Amazon,,,,,
6/27/2022,Multivitamin,Vitamin,172,51.43," ? 8,845.96 ",0.14,1,USA,iHerb,,,,,
6/27/2022,Pre-Workout,Performance,139,41.42," ? 5,757.38 ",0.04,1,USA,Walmart,,,,,
6/27/2022,BCAA,Amino Acid,149,39.43," ? 5,875.07 ",0.23,2,UK,Walmart,,,,,
6/27/2022,Creatine,Performance,156,34.4," ? 5,366.40 ",0.05,3,USA,Walmart,,,,,
6/27/2022,Zinc,Mineral,140,47.5," ? 6,650.00 ",0.04,1,UK,Walmart,,,,,
6/27/2022,Collagen Peptides,Protein,137,42.83," ? 5,867.71 ",0.21,1,UK,iHerb,,,,,
6/27/2022,Magnesium,Mineral,166,26.27," ? 4,360.82 ",0.04,2,USA,Amazon,,,,,
6/27/2022,Ashwagandha,Herbal,147,48.08," ? 7,067.76 ",0.14,2,Canada,Amazon,,,,,
6/27/2022,Melatonin,Sleep Aid,174,27.96," ? 4,865.04 ",0.18,2,UK,Amazon,,,,,
6/27/2022,Biotin,Vitamin,137,33.39," ? 4,574.43 ",0.1,0,Canada,Walmart,,,,,
6/27/2022,Green Tea Extract,Fat Burner,172,34.07," ? 5,860.04 ",0.17,3,Canada,Amazon,,,,,
6/27/2022,Iron Supplement,Mineral,134,37.14," ? 4,976.76 ",0.2,0,USA,Amazon,,,,,
6/27/2022,Electrolyte Powder,Hydration,145,18.72," ? 2,714.40 ",0.2,4,UK,Walmart,,,,,
7/4/2022,Whey Protein,Protein,147,51.19," ? 7,524.93 ",0.12,2,USA,Amazon,,,,,
7/4/2022,Vitamin C,Vitamin,148,12.9," ? 1,909.20 ",0.17,0,UK,Amazon,,,,,
7/4/2022,Fish Oil,Omega,163,21.85," ? 3,561.55 ",0.08,1,UK,Amazon,,,,,
7/4/2022,Multivitamin,Vitamin,153,39.62," ? 6,061.86 ",0.07,0,USA,iHerb,,,,,
7/4/2022,Pre-Workout,Performance,147,17.34," ? 2,548.98 ",0.14,0,USA,Amazon,,,,,
7/4/2022,BCAA,Amino Acid,154,19.78," ? 3,046.12 ",0.19,0,UK,Walmart,,,,,
7/4/2022,Creatine,Performance,145,27.62," ? 4,004.90 ",0.04,1,Canada,iHerb,,,,,
7/4/2022,Zinc,Mineral,147,42.83," ? 6,296.01 ",0.23,1,USA,Walmart,,,,,
7/4/2022,Collagen Peptides,Protein,138,52.7," ? 7,272.60 ",0.14,1,UK,Amazon,,,,,
7/4/2022,Magnesium,Mineral,135,23.92," ? 3,229.20 ",0.24,3,USA,Amazon,,,,,
7/4/2022,Ashwagandha,Herbal,129,21.25," ? 2,741.25 ",0.1,3,Canada,iHerb,,,,,
7/4/2022,Melatonin,Sleep Aid,151,20.39," ? 3,078.89 ",0.2,2,USA,Amazon,,,,,
7/4/2022,Biotin,Vitamin,149,26.71," ? 3,979.79 ",0.24,1,Canada,Walmart,,,,,
7/4/2022,Green Tea Extract,Fat Burner,146,48.95," ? 7,146.70 ",0.09,0,Canada,iHerb,,,,,
7/4/2022,Iron Supplement,Mineral,153,45.64," ? 6,982.92 ",0.22,1,USA,Amazon,,,,,
7/4/2022,Electrolyte Powder,Hydration,148,43.32," ? 6,411.36 ",0.14,0,USA,Walmart,,,,,
7/11/2022,Whey Protein,Protein,160,37.65," ? 6,024.00 ",0.12,0,Canada,Walmart,,,,,
7/11/2022,Vitamin C,Vitamin,129,25.54," ? 3,294.66 ",0.24,2,USA,Walmart,,,,,
7/11/2022,Fish Oil,Omega,156,18.37," ? 2,865.72 ",0.24,1,USA,Walmart,,,,,
7/11/2022,Multivitamin,Vitamin,132,53.7," ? 7,088.40 ",0.22,0,USA,iHerb,,,,,
7/11/2022,Pre-Workout,Performance,167,11.95," ? 1,995.65 ",0.21,3,Canada,Walmart,,,,,
7/11/2022,BCAA,Amino Acid,153,50.66," ? 7,750.98 ",0.2,3,USA,Walmart,,,,,
7/11/2022,Creatine,Performance,152,59.81," ? 9,091.12 ",0.03,3,Canada,iHerb,,,,,
7/11/2022,Zinc,Mineral,150,40.65," ? 6,097.50 ",0.01,1,Canada,Walmart,,,,,
7/11/2022,Collagen Peptides,Protein,166,31.32," ? 5,199.12 ",0.23,1,UK,Walmart,,,,,
7/11/2022,Magnesium,Mineral,145,35.97," ? 5,215.65 ",0.16,2,Canada,iHerb,,,,,
7/11/2022,Ashwagandha,Herbal,148,36.69," ? 5,430.12 ",0.08,2,Canada,Walmart,,,,,
7/11/2022,Melatonin,Sleep Aid,158,12.83," ? 2,027.14 ",0.04,1,USA,iHerb,,,,,
7/11/2022,Biotin,Vitamin,142,10.92," ? 1,550.64 ",0.19,1,UK,Amazon,,,,,
7/11/2022,Green Tea Extract,Fat Burner,143,20.8," ? 2,974.40 ",0.22,0,USA,Amazon,,,,,
7/11/2022,Iron Supplement,Mineral,148,40.79," ? 6,036.92 ",0.07,1,USA,Amazon,,,,,
7/11/2022,Electrolyte Powder,Hydration,168,59.91," ? 10,064.88 ",0,0,Canada,Amazon,,,,,
7/18/2022,Whey Protein,Protein,163,13.04," ? 2,125.52 ",0.06,1,Canada,Walmart,,,,,
7/18/2022,Vitamin C,Vitamin,159,21.88," ? 3,478.92 ",0.13,4,UK,Amazon,,,,,
7/18/2022,Fish Oil,Omega,162,59.11," ? 9,575.82 ",0.18,0,Canada,iHerb,,,,,
7/18/2022,Multivitamin,Vitamin,116,46.39," ? 5,381.24 ",0.05,1,UK,Amazon,,,,,
7/18/2022,Pre-Workout,Performance,131,27.2," ? 3,563.20 ",0.23,3,UK,Amazon,,,,,
7/18/2022,BCAA,Amino Acid,151,15.51," ? 2,342.01 ",0.1,4,Canada,iHerb,,,,,
7/18/2022,Creatine,Performance,157,28.32," ? 4,446.24 ",0.01,4,USA,Amazon,,,,,
7/18/2022,Zinc,Mineral,145,44.46," ? 6,446.70 ",0.25,4,Canada,Walmart,,,,,
7/18/2022,Collagen Peptides,Protein,136,38.28," ? 5,206.08 ",0.16,2,UK,iHerb,,,,,
7/18/2022,Magnesium,Mineral,155,37," ? 5,735.00 ",0.1,4,Canada,Walmart,,,,,
7/18/2022,Ashwagandha,Herbal,153,57.66," ? 8,821.98 ",0.17,2,USA,Walmart,,,,,
7/18/2022,Melatonin,Sleep Aid,138,22.74," ? 3,138.12 ",0.08,1,USA,iHerb,,,,,
7/18/2022,Biotin,Vitamin,147,12.12," ? 1,781.64 ",0.17,1,UK,Walmart,,,,,
7/18/2022,Green Tea Extract,Fat Burner,148,51.38," ? 7,604.24 ",0.11,2,UK,iHerb,,,,,
7/18/2022,Iron Supplement,Mineral,147,18.85," ? 2,770.95 ",0.14,4,UK,Amazon,,,,,
7/18/2022,Electrolyte Powder,Hydration,151,30.37," ? 4,585.87 ",0.25,2,UK,iHerb,,,,,
7/25/2022,Whey Protein,Protein,142,51.04," ? 7,247.68 ",0.07,2,UK,Amazon,,,,,
7/25/2022,Vitamin C,Vitamin,142,58.7," ? 8,335.40 ",0.09,2,UK,iHerb,,,,,
7/25/2022,Fish Oil,Omega,154,55.73," ? 8,582.42 ",0.17,1,Canada,Walmart,,,,,
7/25/2022,Multivitamin,Vitamin,165,37.21," ? 6,139.65 ",0.24,2,Canada,Amazon,,,,,
7/25/2022,Pre-Workout,Performance,163,51.97," ? 8,471.11 ",0.24,1,UK,Walmart,,,,,
7/25/2022,BCAA,Amino Acid,137,45.09," ? 6,177.33 ",0.06,0,USA,Walmart,,,,,
7/25/2022,Creatine,Performance,157,19.63," ? 3,081.91 ",0.09,0,Canada,iHerb,,,,,
7/25/2022,Zinc,Mineral,132,59.88," ? 7,904.16 ",0.04,0,USA,iHerb,,,,,
7/25/2022,Collagen Peptides,Protein,144,20.24," ? 2,914.56 ",0.08,0,UK,Amazon,,,,,
7/25/2022,Magnesium,Mineral,160,41.75," ? 6,680.00 ",0.1,3,UK,Walmart,,,,,
7/25/2022,Ashwagandha,Herbal,188,21.15," ? 3,976.20 ",0.13,0,UK,Amazon,,,,,
7/25/2022,Melatonin,Sleep Aid,148,36.1," ? 5,342.80 ",0.08,1,USA,iHerb,,,,,
7/25/2022,Biotin,Vitamin,181,42.74," ? 7,735.94 ",0.01,0,Canada,iHerb,,,,,
7/25/2022,Green Tea Extract,Fat Burner,152,11.12," ? 1,690.24 ",0.04,2,Canada,Walmart,,,,,
7/25/2022,Iron Supplement,Mineral,157,43.41," ? 6,815.37 ",0.05,2,USA,Amazon,,,,,
7/25/2022,Electrolyte Powder,Hydration,147,59.75," ? 8,783.25 ",0.23,0,Canada,Amazon,,,,,
8/1/2022,Whey Protein,Protein,167,57.65," ? 9,627.55 ",0.07,1,UK,Amazon,,,,,
8/1/2022,Vitamin C,Vitamin,130,46.34," ? 6,024.20 ",0.24,1,USA,iHerb,,,,,
8/1/2022,Fish Oil,Omega,158,23.14," ? 3,656.12 ",0.01,0,Canada,iHerb,,,,,
8/1/2022,Multivitamin,Vitamin,145,13.12," ? 1,902.40 ",0.04,0,USA,Walmart,,,,,
8/1/2022,Pre-Workout,Performance,170,36.88," ? 6,269.60 ",0.15,2,USA,Walmart,,,,,
8/1/2022,BCAA,Amino Acid,131,12.56," ? 1,645.36 ",0.1,0,UK,Walmart,,,,,
8/1/2022,Creatine,Performance,152,36.61," ? 5,564.72 ",0.11,1,USA,Amazon,,,,,
8/1/2022,Zinc,Mineral,164,46.71," ? 7,660.44 ",0.19,1,Canada,Walmart,,,,,
8/1/2022,Collagen Peptides,Protein,142,14.66," ? 2,081.72 ",0.01,0,Canada,Amazon,,,,,
8/1/2022,Magnesium,Mineral,137,52.46," ? 7,187.02 ",0.06,3,USA,Walmart,,,,,
8/1/2022,Ashwagandha,Herbal,164,13.63," ? 2,235.32 ",0.14,2,Canada,iHerb,,,,,
8/1/2022,Melatonin,Sleep Aid,150,19.3," ? 2,895.00 ",0,1,Canada,Walmart,,,,,
8/1/2022,Biotin,Vitamin,152,35.23," ? 5,354.96 ",0.23,2,UK,iHerb,,,,,
8/1/2022,Green Tea Extract,Fat Burner,164,52.77," ? 8,654.28 ",0.17,0,UK,Walmart,,,,,
8/1/2022,Iron Supplement,Mineral,138,11.61," ? 1,602.18 ",0.12,1,USA,Walmart,,,,,
8/1/2022,Electrolyte Powder,Hydration,156,28.02," ? 4,371.12 ",0.11,5,UK,iHerb,,,,,
8/8/2022,Whey Protein,Protein,148,30.59," ? 4,527.32 ",0.18,0,USA,iHerb,,,,,
8/8/2022,Vitamin C,Vitamin,141,31.62," ? 4,458.42 ",0.21,0,Canada,Walmart,,,,,
8/8/2022,Fish Oil,Omega,156,21.85," ? 3,408.60 ",0.17,4,Canada,Amazon,,,,,
8/8/2022,Multivitamin,Vitamin,183,15.02," ? 2,748.66 ",0.04,2,Canada,Walmart,,,,,
8/8/2022,Pre-Workout,Performance,158,26.8," ? 4,234.40 ",0.04,2,UK,Amazon,,,,,
8/8/2022,BCAA,Amino Acid,149,32.07," ? 4,778.43 ",0.08,1,Canada,Amazon,,,,,
8/8/2022,Creatine,Performance,139,14.74," ? 2,048.86 ",0.09,0,USA,Amazon,,,,,
8/8/2022,Zinc,Mineral,137,26.27," ? 3,598.99 ",0.17,2,UK,Walmart,,,,,
8/8/2022,Collagen Peptides,Protein,153,11.07," ? 1,693.71 ",0.18,4,Canada,Walmart,,,,,
8/8/2022,Magnesium,Mineral,165,26.34," ? 4,346.10 ",0.04,2,USA,Amazon,,,,,
8/8/2022,Ashwagandha,Herbal,158,36.98," ? 5,842.84 ",0.17,1,USA,Amazon,,,,,
8/8/2022,Melatonin,Sleep Aid,165,13.23," ? 2,182.95 ",0.16,1,USA,iHerb,,,,,
8/8/2022,Biotin,Vitamin,152,53.95," ? 8,200.40 ",0.1,1,UK,iHerb,,,,,
8/8/2022,Green Tea Extract,Fat Burner,140,15.71," ? 2,199.40 ",0.14,0,USA,iHerb,,,,,
8/8/2022,Iron Supplement,Mineral,144,58.56," ? 8,432.64 ",0.18,1,Canada,iHerb,,,,,
8/8/2022,Electrolyte Powder,Hydration,131,20.67," ? 2,707.77 ",0.13,2,Canada,Amazon,,,,,
8/15/2022,Whey Protein,Protein,154,37.05," ? 5,705.70 ",0.23,4,Canada,Walmart,,,,,
8/15/2022,Vitamin C,Vitamin,150,32.98," ? 4,947.00 ",0.05,2,USA,iHerb,,,,,
8/15/2022,Fish Oil,Omega,150,19.88," ? 2,982.00 ",0.12,3,USA,Amazon,,,,,
8/15/2022,Multivitamin,Vitamin,152,26.95," ? 4,096.40 ",0.14,1,Canada,Walmart,,,,,
8/15/2022,Pre-Workout,Performance,156,34.67," ? 5,408.52 ",0.07,1,Canada,Amazon,,,,,
8/15/2022,BCAA,Amino Acid,182,25.56," ? 4,651.92 ",0.13,3,UK,Walmart,,,,,
8/15/2022,Creatine,Performance,147,52.82," ? 7,764.54 ",0.08,1,UK,Walmart,,,,,
8/15/2022,Zinc,Mineral,145,12.22," ? 1,771.90 ",0.08,2,UK,Walmart,,,,,
8/15/2022,Collagen Peptides,Protein,152,37," ? 5,624.00 ",0.05,1,USA,Amazon,,,,,
8/15/2022,Magnesium,Mineral,150,23.04," ? 3,456.00 ",0.22,2,USA,iHerb,,,,,
8/15/2022,Ashwagandha,Herbal,166,22.87," ? 3,796.42 ",0.1,1,Canada,Walmart,,,,,
8/15/2022,Melatonin,Sleep Aid,145,41.06," ? 5,953.70 ",0.04,3,Canada,Walmart,,,,,
8/15/2022,Biotin,Vitamin,162,52.64," ? 8,527.68 ",0.06,0,USA,Amazon,,,,,
8/15/2022,Green Tea Extract,Fat Burner,154,38.36," ? 5,907.44 ",0.22,4,Canada,Walmart,,,,,
8/15/2022,Iron Supplement,Mineral,155,14.19," ? 2,199.45 ",0.04,2,USA,iHerb,,,,,
8/15/2022,Electrolyte Powder,Hydration,148,25.43," ? 3,763.64 ",0.15,0,USA,iHerb,,,,,
8/22/2022,Whey Protein,Protein,154,13.19," ? 2,031.26 ",0.08,1,USA,iHerb,,,,,
8/22/2022,Vitamin C,Vitamin,167,18.83," ? 3,144.61 ",0.14,1,Canada,Amazon,,,,,
8/22/2022,Fish Oil,Omega,121,59.4," ? 7,187.40 ",0.16,1,Canada,Walmart,,,,,
8/22/2022,Multivitamin,Vitamin,149,27.24," ? 4,058.76 ",0.16,3,UK,Walmart,,,,,
8/22/2022,Pre-Workout,Performance,137,16.08," ? 2,202.96 ",0.05,0,Canada,Amazon,,,,,
8/22/2022,BCAA,Amino Acid,135,32.97," ? 4,450.95 ",0.02,4,USA,Walmart,,,,,
8/22/2022,Creatine,Performance,167,56.67," ? 9,463.89 ",0.06,3,Canada,Walmart,,,,,
8/22/2022,Zinc,Mineral,157,49.85," ? 7,826.45 ",0.09,2,Canada,Amazon,,,,,
8/22/2022,Collagen Peptides,Protein,141,15.4," ? 2,171.40 ",0.23,1,Canada,Walmart,,,,,
8/22/2022,Magnesium,Mineral,151,58," ? 8,758.00 ",0.08,2,UK,Walmart,,,,,
8/22/2022,Ashwagandha,Herbal,165,28.91," ? 4,770.15 ",0.19,3,UK,iHerb,,,,,
8/22/2022,Melatonin,Sleep Aid,160,54.42," ? 8,707.20 ",0.1,2,Canada,Walmart,,,,,
8/22/2022,Biotin,Vitamin,163,49.23," ? 8,024.49 ",0.15,3,Canada,Walmart,,,,,
8/22/2022,Green Tea Extract,Fat Burner,137,51.64," ? 7,074.68 ",0,0,USA,Walmart,,,,,
8/22/2022,Iron Supplement,Mineral,145,42.89," ? 6,219.05 ",0.15,1,Canada,Walmart,,,,,
8/22/2022,Electrolyte Powder,Hydration,164,32.12," ? 5,267.68 ",0.04,2,Canada,Walmart,,,,,
8/29/2022,Whey Protein,Protein,141,33.56," ? 4,731.96 ",0.01,0,USA,iHerb,,,,,
8/29/2022,Vitamin C,Vitamin,157,53.24," ? 8,358.68 ",0.17,0,UK,iHerb,,,,,
8/29/2022,Fish Oil,Omega,154,49.05," ? 7,553.70 ",0.25,1,Canada,Walmart,,,,,
8/29/2022,Multivitamin,Vitamin,157,31.88," ? 5,005.16 ",0.21,0,Canada,Walmart,,,,,
8/29/2022,Pre-Workout,Performance,141,45.61," ? 6,431.01 ",0.09,3,Canada,Amazon,,,,,
8/29/2022,BCAA,Amino Acid,131,45.45," ? 5,953.95 ",0.06,2,Canada,Walmart,,,,,
8/29/2022,Creatine,Performance,136,16.05," ? 2,182.80 ",0.23,1,Canada,iHerb,,,,,
8/29/2022,Zinc,Mineral,162,39.63," ? 6,420.06 ",0.12,4,USA,Amazon,,,,,
8/29/2022,Collagen Peptides,Protein,159,12.32," ? 1,958.88 ",0.14,1,UK,Walmart,,,,,
8/29/2022,Magnesium,Mineral,172,23.49," ? 4,040.28 ",0.1,1,Canada,Amazon,,,,,
8/29/2022,Ashwagandha,Herbal,134,37.91," ? 5,079.94 ",0.22,2,UK,iHerb,,,,,
8/29/2022,Melatonin,Sleep Aid,142,14.16," ? 2,010.72 ",0.23,1,USA,Amazon,,,,,
8/29/2022,Biotin,Vitamin,146,33.03," ? 4,822.38 ",0.06,1,UK,Amazon,,,,,
8/29/2022,Green Tea Extract,Fat Burner,162,25.21," ? 4,084.02 ",0.12,3,UK,Amazon,,,,,
8/29/2022,Iron Supplement,Mineral,139,39.13," ? 5,439.07 ",0.14,3,Canada,Amazon,,,,,
8/29/2022,Electrolyte Powder,Hydration,131,36.91," ? 4,835.21 ",0.2,0,Canada,Walmart,,,,,
9/5/2022,Whey Protein,Protein,162,19.45," ? 3,150.90 ",0.19,0,UK,iHerb,,,,,
9/5/2022,Vitamin C,Vitamin,150,27.82," ? 4,173.00 ",0.15,1,USA,Walmart,,,,,
9/5/2022,Fish Oil,Omega,147,21.34," ? 3,136.98 ",0.11,4,Canada,iHerb,,,,,
9/5/2022,Multivitamin,Vitamin,165,11.49," ? 1,895.85 ",0.23,2,UK,iHerb,,,,,
9/5/2022,Pre-Workout,Performance,151,25.73," ? 3,885.23 ",0.12,4,USA,Walmart,,,,,
9/5/2022,BCAA,Amino Acid,156,16.66," ? 2,598.96 ",0.05,2,UK,Walmart,,,,,
9/5/2022,Creatine,Performance,142,57.21," ? 8,123.82 ",0.04,0,UK,iHerb,,,,,
9/5/2022,Zinc,Mineral,140,31.1," ? 4,354.00 ",0.23,3,USA,iHerb,,,,,
9/5/2022,Collagen Peptides,Protein,148,37.75," ? 5,587.00 ",0.06,0,UK,Amazon,,,,,
9/5/2022,Magnesium,Mineral,175,19.92," ? 3,486.00 ",0.12,2,UK,Amazon,,,,,
9/5/2022,Ashwagandha,Herbal,146,21.42," ? 3,127.32 ",0.11,1,UK,iHerb,,,,,
9/5/2022,Melatonin,Sleep Aid,167,16.68," ? 2,785.56 ",0.12,2,UK,iHerb,,,,,
9/5/2022,Biotin,Vitamin,132,10.89," ? 1,437.48 ",0.01,1,USA,Walmart,,,,,
9/5/2022,Green Tea Extract,Fat Burner,142,40.11," ? 5,695.62 ",0.11,1,UK,Amazon,,,,,
9/5/2022,Iron Supplement,Mineral,150,54.64," ? 8,196.00 ",0.25,0,Canada,Walmart,,,,,
9/5/2022,Electrolyte Powder,Hydration,133,43.05," ? 5,725.65 ",0.17,2,USA,iHerb,,,,,
9/12/2022,Whey Protein,Protein,159,40.64," ? 6,461.76 ",0.17,1,USA,Walmart,,,,,
9/12/2022,Vitamin C,Vitamin,149,37.87," ? 5,642.63 ",0.16,2,UK,iHerb,,,,,
9/12/2022,Fish Oil,Omega,158,35.99," ? 5,686.42 ",0.17,1,UK,Amazon,,,,,
9/12/2022,Multivitamin,Vitamin,140,38," ? 5,320.00 ",0.15,4,USA,iHerb,,,,,
9/12/2022,Pre-Workout,Performance,145,20.09," ? 2,913.05 ",0.02,2,Canada,Amazon,,,,,
9/12/2022,BCAA,Amino Acid,140,44.39," ? 6,214.60 ",0.12,3,UK,Amazon,,,,,
9/12/2022,Creatine,Performance,148,54.8," ? 8,110.40 ",0.22,0,Canada,iHerb,,,,,
9/12/2022,Zinc,Mineral,152,54.44," ? 8,274.88 ",0.11,1,UK,Amazon,,,,,
9/12/2022,Collagen Peptides,Protein,175,52.18," ? 9,131.50 ",0.13,3,UK,Walmart,,,,,
9/12/2022,Magnesium,Mineral,137,59.19," ? 8,109.03 ",0.07,2,UK,Amazon,,,,,
9/12/2022,Ashwagandha,Herbal,150,48.15," ? 7,222.50 ",0.04,2,USA,Amazon,,,,,
9/12/2022,Melatonin,Sleep Aid,130,24.59," ? 3,196.70 ",0.06,0,UK,Walmart,,,,,
9/12/2022,Biotin,Vitamin,176,47.08," ? 8,286.08 ",0.12,2,UK,Walmart,,,,,
9/12/2022,Green Tea Extract,Fat Burner,132,22.35," ? 2,950.20 ",0.24,2,USA,Walmart,,,,,
9/12/2022,Iron Supplement,Mineral,147,49.27," ? 7,242.69 ",0.03,0,UK,iHerb,,,,,
9/12/2022,Electrolyte Powder,Hydration,139,49.35," ? 6,859.65 ",0.08,0,Canada,Amazon,,,,,
9/19/2022,Whey Protein,Protein,149,21.08," ? 3,140.92 ",0.05,4,Canada,Walmart,,,,,
9/19/2022,Vitamin C,Vitamin,162,20.6," ? 3,337.20 ",0.09,1,USA,Amazon,,,,,
9/19/2022,Fish Oil,Omega,158,55.48," ? 8,765.84 ",0.21,0,UK,Amazon,,,,,
9/19/2022,Multivitamin,Vitamin,166,14.04," ? 2,330.64 ",0.16,2,UK,iHerb,,,,,
9/19/2022,Pre-Workout,Performance,131,59.64," ? 7,812.84 ",0.17,2,USA,Amazon,,,,,
9/19/2022,BCAA,Amino Acid,139,23.85," ? 3,315.15 ",0.06,0,Canada,Walmart,,,,,
9/19/2022,Creatine,Performance,138,26.41," ? 3,644.58 ",0.21,0,UK,Walmart,,,,,
9/19/2022,Zinc,Mineral,149,34.08," ? 5,077.92 ",0.01,4,USA,Walmart,,,,,
9/19/2022,Collagen Peptides,Protein,161,14.33," ? 2,307.13 ",0.15,2,USA,Walmart,,,,,
9/19/2022,Magnesium,Mineral,138,50.71," ? 6,997.98 ",0.19,2,USA,Amazon,,,,,
9/19/2022,Ashwagandha,Herbal,147,49.53," ? 7,280.91 ",0.17,5,USA,iHerb,,,,,
9/19/2022,Melatonin,Sleep Aid,142,21.13," ? 3,000.46 ",0.18,0,USA,Walmart,,,,,
9/19/2022,Biotin,Vitamin,159,22.54," ? 3,583.86 ",0.06,2,Canada,Amazon,,,,,
9/19/2022,Green Tea Extract,Fat Burner,160,52.61," ? 8,417.60 ",0.24,2,Canada,Walmart,,,,,
9/19/2022,Iron Supplement,Mineral,170,54.73," ? 9,304.10 ",0,4,UK,Amazon,,,,,
9/19/2022,Electrolyte Powder,Hydration,149,16.36," ? 2,437.64 ",0.1,1,UK,Amazon,,,,,
9/26/2022,Whey Protein,Protein,142,50.29," ? 7,141.18 ",0,1,Canada,iHerb,,,,,
9/26/2022,Vitamin C,Vitamin,137,22.71," ? 3,111.27 ",0.06,1,UK,iHerb,,,,,
9/26/2022,Fish Oil,Omega,155,18.78," ? 2,910.90 ",0.06,4,USA,iHerb,,,,,
9/26/2022,Multivitamin,Vitamin,146,22.08," ? 3,223.68 ",0.12,0,Canada,Amazon,,,,,
9/26/2022,Pre-Workout,Performance,146,44.38," ? 6,479.48 ",0.25,1,UK,Amazon,,,,,
9/26/2022,BCAA,Amino Acid,154,51.58," ? 7,943.32 ",0.12,2,Canada,Walmart,,,,,
9/26/2022,Creatine,Performance,134,23.95," ? 3,209.30 ",0.04,1,USA,Amazon,,,,,
9/26/2022,Zinc,Mineral,134,32.81," ? 4,396.54 ",0.13,0,Canada,Walmart,,,,,
9/26/2022,Collagen Peptides,Protein,135,59.25," ? 7,998.75 ",0.02,1,UK,iHerb,,,,,
9/26/2022,Magnesium,Mineral,166,53.79," ? 8,929.14 ",0.13,1,Canada,Amazon,,,,,
9/26/2022,Ashwagandha,Herbal,143,25.29," ? 3,616.47 ",0.22,2,UK,Walmart,,,,,
9/26/2022,Melatonin,Sleep Aid,156,22.86," ? 3,566.16 ",0.15,1,Canada,Walmart,,,,,
9/26/2022,Biotin,Vitamin,161,42.16," ? 6,787.76 ",0.22,1,USA,Walmart,,,,,
9/26/2022,Green Tea Extract,Fat Burner,127,27.3," ? 3,467.10 ",0.17,3,USA,Walmart,,,,,
9/26/2022,Iron Supplement,Mineral,149,42.73," ? 6,366.77 ",0.03,1,Canada,iHerb,,,,,
9/26/2022,Electrolyte Powder,Hydration,171,10.67," ? 1,824.57 ",0.05,2,UK,Walmart,,,,,
10/3/2022,Whey Protein,Protein,160,24.61," ? 3,937.60 ",0.23,2,UK,Amazon,,,,,
10/3/2022,Vitamin C,Vitamin,157,16.14," ? 2,533.98 ",0.24,0,Canada,iHerb,,,,,
10/3/2022,Fish Oil,Omega,141,40.93," ? 5,771.13 ",0.21,1,USA,Amazon,,,,,
10/3/2022,Multivitamin,Vitamin,146,11.81," ? 1,724.26 ",0.21,1,USA,Walmart,,,,,
10/3/2022,Pre-Workout,Performance,164,39.01," ? 6,397.64 ",0.22,1,UK,Walmart,,,,,
10/3/2022,BCAA,Amino Acid,159,46.82," ? 7,444.38 ",0.23,1,UK,Amazon,,,,,
10/3/2022,Creatine,Performance,137,22.32," ? 3,057.84 ",0.04,1,Canada,iHerb,,,,,
10/3/2022,Zinc,Mineral,137,11.8," ? 1,616.60 ",0.21,1,Canada,Walmart,,,,,
10/3/2022,Collagen Peptides,Protein,145,13.51," ? 1,958.95 ",0.25,2,UK,Walmart,,,,,
10/3/2022,Magnesium,Mineral,137,48.17," ? 6,599.29 ",0.11,3,Canada,iHerb,,,,,
10/3/2022,Ashwagandha,Herbal,135,14.67," ? 1,980.45 ",0.05,0,USA,Walmart,,,,,
10/3/2022,Melatonin,Sleep Aid,171,31.37," ? 5,364.27 ",0.13,3,UK,Walmart,,,,,
10/3/2022,Biotin,Vitamin,129,42.33," ? 5,460.57 ",0.09,0,USA,Walmart,,,,,
10/3/2022,Green Tea Extract,Fat Burner,153,11.75," ? 1,797.75 ",0.19,2,Canada,iHerb,,,,,
10/3/2022,Iron Supplement,Mineral,160,20.21," ? 3,233.60 ",0.14,2,USA,Amazon,,,,,
10/3/2022,Electrolyte Powder,Hydration,168,19.76," ? 3,319.68 ",0.15,1,UK,Amazon,,,,,
10/10/2022,Whey Protein,Protein,133,22.93," ? 3,049.69 ",0.07,4,Canada,iHerb,,,,,
10/10/2022,Vitamin C,Vitamin,146,24.19," ? 3,531.74 ",0.03,0,USA,iHerb,,,,,
10/10/2022,Fish Oil,Omega,128,19.47," ? 2,492.16 ",0.09,2,UK,Amazon,,,,,
10/10/2022,Multivitamin,Vitamin,147,34.9," ? 5,130.30 ",0.1,2,USA,Amazon,,,,,
10/10/2022,Pre-Workout,Performance,128,42.6," ? 5,452.80 ",0.12,2,UK,Amazon,,,,,
10/10/2022,BCAA,Amino Acid,171,39.82," ? 6,809.22 ",0.13,5,UK,iHerb,,,,,
10/10/2022,Creatine,Performance,141,23.27," ? 3,281.07 ",0.05,3,Canada,iHerb,,,,,
10/10/2022,Zinc,Mineral,135,23.8," ? 3,213.00 ",0.09,0,Canada,Walmart,,,,,
10/10/2022,Collagen Peptides,Protein,153,42.87," ? 6,559.11 ",0,0,Canada,Walmart,,,,,
10/10/2022,Magnesium,Mineral,131,50.74," ? 6,646.94 ",0.22,0,Canada,Walmart,,,,,
10/10/2022,Ashwagandha,Herbal,153,24.44," ? 3,739.32 ",0.1,1,USA,iHerb,,,,,
10/10/2022,Melatonin,Sleep Aid,134,17.64," ? 2,363.76 ",0.16,0,UK,iHerb,,,,,
10/10/2022,Biotin,Vitamin,138,13.89," ? 1,916.82 ",0.05,3,UK,Amazon,,,,,
10/10/2022,Green Tea Extract,Fat Burner,146,39.43," ? 5,756.78 ",0.06,3,UK,Amazon,,,,,
10/10/2022,Iron Supplement,Mineral,150,30.3," ? 4,545.00 ",0.25,2,UK,iHerb,,,,,
10/10/2022,Electrolyte Powder,Hydration,149,54.01," ? 8,047.49 ",0.24,1,Canada,Amazon,,,,,
10/17/2022,Whey Protein,Protein,162,37.28," ? 6,039.36 ",0.04,1,USA,Walmart,,,,,
10/17/2022,Vitamin C,Vitamin,173,41.62," ? 7,200.26 ",0.15,0,Canada,iHerb,,,,,
10/17/2022,Fish Oil,Omega,144,19.36," ? 2,787.84 ",0.2,4,USA,Amazon,,,,,
10/17/2022,Multivitamin,Vitamin,139,32.75," ? 4,552.25 ",0.19,1,USA,Walmart,,,,,
10/17/2022,Pre-Workout,Performance,180,31.01," ? 5,581.80 ",0.24,2,USA,iHerb,,,,,
10/17/2022,BCAA,Amino Acid,158,58.73," ? 9,279.34 ",0.17,3,USA,Amazon,,,,,
10/17/2022,Creatine,Performance,157,24.52," ? 3,849.64 ",0.08,2,USA,Amazon,,,,,
10/17/2022,Zinc,Mineral,142,22.47," ? 3,190.74 ",0.2,0,UK,iHerb,,,,,
10/17/2022,Collagen Peptides,Protein,163,19.35," ? 3,154.05 ",0.14,1,USA,Walmart,,,,,
10/17/2022,Magnesium,Mineral,143,13.17," ? 1,883.31 ",0.25,0,USA,Walmart,,,,,
10/17/2022,Ashwagandha,Herbal,156,42.3," ? 6,598.80 ",0.09,2,Canada,Walmart,,,,,
10/17/2022,Melatonin,Sleep Aid,158,15.7," ? 2,480.60 ",0.16,1,Canada,iHerb,,,,,
10/17/2022,Biotin,Vitamin,148,45.24," ? 6,695.52 ",0.08,1,UK,iHerb,,,,,
10/17/2022,Green Tea Extract,Fat Burner,125,38.39," ? 4,798.75 ",0.09,2,Canada,Walmart,,,,,
10/17/2022,Iron Supplement,Mineral,151,35.57," ? 5,371.07 ",0.16,2,USA,Amazon,,,,,
10/17/2022,Electrolyte Powder,Hydration,142,17.83," ? 2,531.86 ",0.16,3,Canada,Amazon,,,,,
10/24/2022,Whey Protein,Protein,147,47.83," ? 7,031.01 ",0.21,3,USA,Amazon,,,,,
10/24/2022,Vitamin C,Vitamin,154,10.77," ? 1,658.58 ",0.03,0,Canada,iHerb,,,,,
10/24/2022,Fish Oil,Omega,158,34.82," ? 5,501.56 ",0.12,1,USA,Walmart,,,,,
10/24/2022,Multivitamin,Vitamin,166,27.62," ? 4,584.92 ",0.19,0,UK,iHerb,,,,,
10/24/2022,Pre-Workout,Performance,156,56.61," ? 8,831.16 ",0.22,1,USA,Walmart,,,,,
10/24/2022,BCAA,Amino Acid,153,22.89," ? 3,502.17 ",0.02,1,USA,Amazon,,,,,
10/24/2022,Creatine,Performance,166,38.09," ? 6,322.94 ",0.11,1,Canada,Walmart,,,,,
10/24/2022,Zinc,Mineral,154,13.06," ? 2,011.24 ",0.12,3,USA,Walmart,,,,,
10/24/2022,Collagen Peptides,Protein,131,17.68," ? 2,316.08 ",0.19,2,UK,Amazon,,,,,
10/24/2022,Magnesium,Mineral,152,54.42," ? 8,271.84 ",0.19,3,Canada,Walmart,,,,,
10/24/2022,Ashwagandha,Herbal,162,32.9," ? 5,329.80 ",0.22,4,USA,iHerb,,,,,
10/24/2022,Melatonin,Sleep Aid,181,53.67," ? 9,714.27 ",0.1,0,USA,Walmart,,,,,
10/24/2022,Biotin,Vitamin,129,22.49," ? 2,901.21 ",0.12,2,UK,Walmart,,,,,
10/24/2022,Green Tea Extract,Fat Burner,151,36.97," ? 5,582.47 ",0.13,0,Canada,iHerb,,,,,
10/24/2022,Iron Supplement,Mineral,131,20.25," ? 2,652.75 ",0.22,3,Canada,Amazon,,,,,
10/24/2022,Electrolyte Powder,Hydration,141,18.77," ? 2,646.57 ",0.2,3,Canada,iHerb,,,,,
10/31/2022,Whey Protein,Protein,165,47.93," ? 7,908.45 ",0.02,0,Canada,Amazon,,,,,
10/31/2022,Vitamin C,Vitamin,160,59.78," ? 9,564.80 ",0.02,3,Canada,Walmart,,,,,
10/31/2022,Fish Oil,Omega,149,50.86," ? 7,578.14 ",0.23,1,Canada,iHerb,,,,,
10/31/2022,Multivitamin,Vitamin,177,14.1," ? 2,495.70 ",0.11,3,USA,Walmart,,,,,
10/31/2022,Pre-Workout,Performance,149,46.48," ? 6,925.52 ",0.05,4,Canada,iHerb,,,,,
10/31/2022,BCAA,Amino Acid,143,31.12," ? 4,450.16 ",0.04,1,USA,Walmart,,,,,
10/31/2022,Creatine,Performance,138,19.35," ? 2,670.30 ",0.12,2,Canada,Amazon,,,,,
10/31/2022,Zinc,Mineral,152,41.83," ? 6,358.16 ",0.17,2,UK,iHerb,,,,,
10/31/2022,Collagen Peptides,Protein,148,13.49," ? 1,996.52 ",0.21,2,USA,Walmart,,,,,
10/31/2022,Magnesium,Mineral,140,10.63," ? 1,488.20 ",0.05,0,Canada,Amazon,,,,,
10/31/2022,Ashwagandha,Herbal,161,50.68," ? 8,159.48 ",0,1,USA,Walmart,,,,,
10/31/2022,Melatonin,Sleep Aid,157,42.49," ? 6,670.93 ",0.02,0,Canada,Walmart,,,,,
10/31/2022,Biotin,Vitamin,149,17.29," ? 2,576.21 ",0.05,0,USA,Amazon,,,,,
10/31/2022,Green Tea Extract,Fat Burner,140,29.76," ? 4,166.40 ",0.16,1,Canada,Amazon,,,,,
10/31/2022,Iron Supplement,Mineral,161,16.33," ? 2,629.13 ",0.01,3,Canada,Amazon,,,,,
10/31/2022,Electrolyte Powder,Hydration,129,11.11," ? 1,433.19 ",0.16,1,USA,Walmart,,,,,
11/7/2022,Whey Protein,Protein,147,24.84," ? 3,651.48 ",0.04,0,Canada,iHerb,,,,,
11/7/2022,Vitamin C,Vitamin,134,22.03," ? 2,952.02 ",0.08,4,Canada,Walmart,,,,,
11/7/2022,Fish Oil,Omega,145,26.23," ? 3,803.35 ",0.05,0,Canada,Amazon,,,,,
11/7/2022,Multivitamin,Vitamin,121,31.18," ? 3,772.78 ",0.05,1,UK,Walmart,,,,,
11/7/2022,Pre-Workout,Performance,134,23.58," ? 3,159.72 ",0.09,0,Canada,Amazon,,,,,
11/7/2022,BCAA,Amino Acid,147,26.44," ? 3,886.68 ",0.22,3,Canada,iHerb,,,,,
11/7/2022,Creatine,Performance,156,13.78," ? 2,149.68 ",0.12,5,UK,Amazon,,,,,
11/7/2022,Zinc,Mineral,158,36.16," ? 5,713.28 ",0.23,3,USA,Amazon,,,,,
11/7/2022,Collagen Peptides,Protein,164,25.23," ? 4,137.72 ",0.01,4,UK,iHerb,,,,,
11/7/2022,Magnesium,Mineral,153,17.46," ? 2,671.38 ",0.21,3,UK,iHerb,,,,,
11/7/2022,Ashwagandha,Herbal,162,28.3," ? 4,584.60 ",0.08,0,Canada,iHerb,,,,,
11/7/2022,Melatonin,Sleep Aid,164,41.54," ? 6,812.56 ",0.13,2,Canada,Walmart,,,,,
11/7/2022,Biotin,Vitamin,172,48.67," ? 8,371.24 ",0.01,0,UK,iHerb,,,,,
11/7/2022,Green Tea Extract,Fat Burner,147,49.46," ? 7,270.62 ",0.13,0,USA,Walmart,,,,,
11/7/2022,Iron Supplement,Mineral,162,37.73," ? 6,112.26 ",0.2,2,USA,iHerb,,,,,
11/7/2022,Electrolyte Powder,Hydration,139,41.41," ? 5,755.99 ",0.18,2,UK,Walmart,,,,,
11/14/2022,Whey Protein,Protein,187,57.55," ? 10,761.85 ",0.13,2,USA,Amazon,,,,,
11/14/2022,Vitamin C,Vitamin,131,48.47," ? 6,349.57 ",0.18,0,UK,Walmart,,,,,
11/14/2022,Fish Oil,Omega,152,59.79," ? 9,088.08 ",0.22,0,Canada,Walmart,,,,,
11/14/2022,Multivitamin,Vitamin,145,32.11," ? 4,655.95 ",0.16,1,Canada,Walmart,,,,,
11/14/2022,Pre-Workout,Performance,143,17.28," ? 2,471.04 ",0.21,1,UK,Amazon,,,,,
11/14/2022,BCAA,Amino Acid,146,34.83," ? 5,085.18 ",0.14,4,USA,Amazon,,,,,
11/14/2022,Creatine,Performance,167,33.66," ? 5,621.22 ",0.24,1,USA,iHerb,,,,,
11/14/2022,Zinc,Mineral,145,15.72," ? 2,279.40 ",0.19,2,Canada,iHerb,,,,,
11/14/2022,Collagen Peptides,Protein,140,59.27," ? 8,297.80 ",0.09,1,USA,Amazon,,,,,
11/14/2022,Magnesium,Mineral,169,20.74," ? 3,505.06 ",0.22,6,Canada,Walmart,,,,,
11/14/2022,Ashwagandha,Herbal,130,29.53," ? 3,838.90 ",0.13,3,Canada,iHerb,,,,,
11/14/2022,Melatonin,Sleep Aid,139,38.09," ? 5,294.51 ",0,1,USA,iHerb,,,,,
11/14/2022,Biotin,Vitamin,128,12," ? 1,536.00 ",0.21,0,Canada,Amazon,,,,,
11/14/2022,Green Tea Extract,Fat Burner,144,47.31," ? 6,812.64 ",0.05,0,Canada,Walmart,,,,,
11/14/2022,Iron Supplement,Mineral,158,48.3," ? 7,631.40 ",0.11,1,USA,iHerb,,,,,
11/14/2022,Electrolyte Powder,Hydration,148,55.11," ? 8,156.28 ",0.01,1,UK,iHerb,,,,,
11/21/2022,Whey Protein,Protein,167,56.62," ? 9,455.54 ",0.16,4,USA,Walmart,,,,,
11/21/2022,Vitamin C,Vitamin,160,21.56," ? 3,449.60 ",0.1,0,Canada,iHerb,,,,,
11/21/2022,Fish Oil,Omega,150,57.81," ? 8,671.50 ",0.11,2,Canada,iHerb,,,,,
11/21/2022,Multivitamin,Vitamin,175,20.43," ? 3,575.25 ",0.12,1,UK,Amazon,,,,,
11/21/2022,Pre-Workout,Performance,146,51.32," ? 7,492.72 ",0.11,1,UK,Walmart,,,,,
11/21/2022,BCAA,Amino Acid,150,17.56," ? 2,634.00 ",0.15,1,UK,Amazon,,,,,
11/21/2022,Creatine,Performance,166,26.45," ? 4,390.70 ",0.15,0,Canada,Walmart,,,,,
11/21/2022,Zinc,Mineral,142,27.68," ? 3,930.56 ",0.13,2,UK,Walmart,,,,,
11/21/2022,Collagen Peptides,Protein,152,25.39," ? 3,859.28 ",0.03,2,Canada,Walmart,,,,,
11/21/2022,Magnesium,Mineral,165,30.35," ? 5,007.75 ",0.12,2,USA,Amazon,,,,,
11/21/2022,Ashwagandha,Herbal,156,46.07," ? 7,186.92 ",0.02,1,USA,Walmart,,,,,
11/21/2022,Melatonin,Sleep Aid,163,17.45," ? 2,844.35 ",0.25,3,UK,iHerb,,,,,
11/21/2022,Biotin,Vitamin,160,19.19," ? 3,070.40 ",0.24,2,Canada,Amazon,,,,,
11/21/2022,Green Tea Extract,Fat Burner,165,26.76," ? 4,415.40 ",0.25,2,USA,iHerb,,,,,
11/21/2022,Iron Supplement,Mineral,135,34.1," ? 4,603.50 ",0.01,1,Canada,Amazon,,,,,
11/21/2022,Electrolyte Powder,Hydration,147,27.75," ? 4,079.25 ",0.25,0,Canada,Walmart,,,,,
11/28/2022,Whey Protein,Protein,153,46.69," ? 7,143.57 ",0.25,3,Canada,Amazon,,,,,
11/28/2022,Vitamin C,Vitamin,152,51.75," ? 7,866.00 ",0.23,5,Canada,Walmart,,,,,
11/28/2022,Fish Oil,Omega,136,14.45," ? 1,965.20 ",0.07,2,USA,Amazon,,,,,
11/28/2022,Multivitamin,Vitamin,165,41.55," ? 6,855.75 ",0.13,2,Canada,Walmart,,,,,
11/28/2022,Pre-Workout,Performance,146,43.86," ? 6,403.56 ",0.17,1,UK,Walmart,,,,,
11/28/2022,BCAA,Amino Acid,167,29.06," ? 4,853.02 ",0.19,1,USA,iHerb,,,,,
11/28/2022,Creatine,Performance,168,28.47," ? 4,782.96 ",0.22,1,Canada,iHerb,,,,,
11/28/2022,Zinc,Mineral,150,23.83," ? 3,574.50 ",0.16,0,Canada,iHerb,,,,,
11/28/2022,Collagen Peptides,Protein,167,19.54," ? 3,263.18 ",0.17,2,USA,Amazon,,,,,
11/28/2022,Magnesium,Mineral,137,30.45," ? 4,171.65 ",0.17,2,Canada,Walmart,,,,,
11/28/2022,Ashwagandha,Herbal,151,47.9," ? 7,232.90 ",0.15,2,Canada,Amazon,,,,,
11/28/2022,Melatonin,Sleep Aid,144,40.75," ? 5,868.00 ",0.21,1,USA,Amazon,,,,,
11/28/2022,Biotin,Vitamin,139,28.56," ? 3,969.84 ",0.17,1,UK,Amazon,,,,,
11/28/2022,Green Tea Extract,Fat Burner,164,44.23," ? 7,253.72 ",0.05,5,USA,Amazon,,,,,
11/28/2022,Iron Supplement,Mineral,164,26.51," ? 4,347.64 ",0.13,0,Canada,Amazon,,,,,
11/28/2022,Electrolyte Powder,Hydration,151,37.65," ? 5,685.15 ",0.16,1,Canada,Walmart,,,,,
12/5/2022,Whey Protein,Protein,150,15.43," ? 2,314.50 ",0.2,0,USA,Amazon,,,,,
12/5/2022,Vitamin C,Vitamin,117,48.25," ? 5,645.25 ",0.1,2,Canada,Walmart,,,,,
12/5/2022,Fish Oil,Omega,151,45.84," ? 6,921.84 ",0.03,2,UK,iHerb,,,,,
12/5/2022,Multivitamin,Vitamin,136,48.06," ? 6,536.16 ",0.24,1,UK,iHerb,,,,,
12/5/2022,Pre-Workout,Performance,163,50.36," ? 8,208.68 ",0.16,0,USA,Walmart,,,,,
12/5/2022,BCAA,Amino Acid,143,29.15," ? 4,168.45 ",0.05,2,Canada,Amazon,,,,,
12/5/2022,Creatine,Performance,151,55.71," ? 8,412.21 ",0.13,1,UK,Amazon,,,,,
12/5/2022,Zinc,Mineral,149,12.8," ? 1,907.20 ",0.1,0,USA,Amazon,,,,,
12/5/2022,Collagen Peptides,Protein,152,36.68," ? 5,575.36 ",0.03,3,UK,iHerb,,,,,
12/5/2022,Magnesium,Mineral,168,27.17," ? 4,564.56 ",0.15,0,UK,Walmart,,,,,
12/5/2022,Ashwagandha,Herbal,145,55.78," ? 8,088.10 ",0.21,2,Canada,Amazon,,,,,
12/5/2022,Melatonin,Sleep Aid,151,56.62," ? 8,549.62 ",0.24,0,Canada,Amazon,,,,,
12/5/2022,Biotin,Vitamin,136,37.07," ? 5,041.52 ",0,0,UK,Amazon,,,,,
12/5/2022,Green Tea Extract,Fat Burner,167,27.86," ? 4,652.62 ",0.22,2,USA,iHerb,,,,,
12/5/2022,Iron Supplement,Mineral,162,15.67," ? 2,538.54 ",0.11,1,UK,Amazon,,,,,
12/5/2022,Electrolyte Powder,Hydration,152,59.57," ? 9,054.64 ",0.06,0,UK,Walmart,,,,,
12/12/2022,Whey Protein,Protein,151,31.99," ? 4,830.49 ",0.19,1,UK,Walmart,,,,,
12/12/2022,Vitamin C,Vitamin,154,11.25," ? 1,732.50 ",0.14,3,UK,Walmart,,,,,
12/12/2022,Fish Oil,Omega,172,32.94," ? 5,665.68 ",0.25,1,UK,Amazon,,,,,
12/12/2022,Multivitamin,Vitamin,166,35.71," ? 5,927.86 ",0.21,2,Canada,Amazon,,,,,
12/12/2022,Pre-Workout,Performance,141,33.99," ? 4,792.59 ",0.21,3,UK,Walmart,,,,,
12/12/2022,BCAA,Amino Acid,153,48.74," ? 7,457.22 ",0.18,1,UK,Walmart,,,,,
12/12/2022,Creatine,Performance,130,32.78," ? 4,261.40 ",0.09,2,Canada,Walmart,,,,,
12/12/2022,Zinc,Mineral,156,51.85," ? 8,088.60 ",0.07,0,USA,iHerb,,,,,
12/12/2022,Collagen Peptides,Protein,147,58.27," ? 8,565.69 ",0.2,4,UK,Walmart,,,,,
12/12/2022,Magnesium,Mineral,135,37.89," ? 5,115.15 ",0.07,2,UK,iHerb,,,,,
12/12/2022,Ashwagandha,Herbal,141,35.06," ? 4,943.46 ",0.06,2,Canada,Amazon,,,,,
12/12/2022,Melatonin,Sleep Aid,148,28.14," ? 4,164.72 ",0,1,UK,Amazon,,,,,
12/12/2022,Biotin,Vitamin,144,25.4," ? 3,657.60 ",0.07,1,USA,Amazon,,,,,
12/12/2022,Green Tea Extract,Fat Burner,134,44.62," ? 5,979.08 ",0.16,2,Canada,iHerb,,,,,
12/12/2022,Iron Supplement,Mineral,148,50.52," ? 7,476.96 ",0.11,2,USA,Amazon,,,,,
12/12/2022,Electrolyte Powder,Hydration,148,48.01," ? 7,105.48 ",0.04,1,UK,iHerb,,,,,
12/19/2022,Whey Protein,Protein,139,21.52," ? 2,991.28 ",0.14,2,Canada,Walmart,,,,,
12/19/2022,Vitamin C,Vitamin,161,59.44," ? 9,569.84 ",0.15,1,Canada,Walmart,,,,,
12/19/2022,Fish Oil,Omega,164,47.46," ? 7,783.44 ",0.05,1,UK,iHerb,,,,,
12/19/2022,Multivitamin,Vitamin,165,44.17," ? 7,288.05 ",0.15,3,UK,iHerb,,,,,
12/19/2022,Pre-Workout,Performance,142,16.16," ? 2,294.72 ",0.17,2,UK,Amazon,,,,,
12/19/2022,BCAA,Amino Acid,147,31," ? 4,557.00 ",0.05,1,USA,iHerb,,,,,
12/19/2022,Creatine,Performance,146,48.71," ? 7,111.66 ",0.15,0,Canada,iHerb,,,,,
12/19/2022,Zinc,Mineral,173,11.71," ? 2,025.83 ",0.2,1,UK,Walmart,,,,,
12/19/2022,Collagen Peptides,Protein,153,30.99," ? 4,741.47 ",0.22,1,UK,Amazon,,,,,
12/19/2022,Magnesium,Mineral,171,33.39," ? 5,709.69 ",0.02,3,UK,iHerb,,,,,
12/19/2022,Ashwagandha,Herbal,128,36.87," ? 4,719.36 ",0.04,0,UK,Amazon,,,,,
12/19/2022,Melatonin,Sleep Aid,147,18.03," ? 2,650.41 ",0.02,0,USA,Amazon,,,,,
12/19/2022,Biotin,Vitamin,158,32.63," ? 5,155.54 ",0.13,0,USA,iHerb,,,,,
12/19/2022,Green Tea Extract,Fat Burner,127,37.19," ? 4,723.13 ",0.18,1,USA,Walmart,,,,,
12/19/2022,Iron Supplement,Mineral,146,49.04," ? 7,159.84 ",0.09,2,UK,Amazon,,,,,
12/19/2022,Electrolyte Powder,Hydration,150,55.36," ? 8,304.00 ",0.23,1,USA,Amazon,,,,,
12/26/2022,Whey Protein,Protein,150,56.79," ? 8,518.50 ",0.11,0,USA,Walmart,,,,,
12/26/2022,Vitamin C,Vitamin,148,35.13," ? 5,199.24 ",0.14,1,UK,Amazon,,,,,
12/26/2022,Fish Oil,Omega,160,28.34," ? 4,534.40 ",0.19,1,USA,Walmart,,,,,
12/26/2022,Multivitamin,Vitamin,138,27.25," ? 3,760.50 ",0.03,6,USA,Walmart,,,,,
12/26/2022,Pre-Workout,Performance,122,32.6," ? 3,977.20 ",0.08,1,UK,Amazon,,,,,
12/26/2022,BCAA,Amino Acid,135,26.62," ? 3,593.70 ",0.15,2,Canada,Walmart,,,,,
12/26/2022,Creatine,Performance,167,40.42," ? 6,750.14 ",0.1,2,Canada,Amazon,,,,,
12/26/2022,Zinc,Mineral,160,15.19," ? 2,430.40 ",0.1,2,Canada,Walmart,,,,,
12/26/2022,Collagen Peptides,Protein,148,30.57," ? 4,524.36 ",0.15,7,Canada,iHerb,,,,,
12/26/2022,Magnesium,Mineral,150,18.14," ? 2,721.00 ",0.01,2,UK,Walmart,,,,,
12/26/2022,Ashwagandha,Herbal,151,44.77," ? 6,760.27 ",0.19,1,USA,iHerb,,,,,
12/26/2022,Melatonin,Sleep Aid,145,32.64," ? 4,732.80 ",0.2,2,USA,Walmart,,,,,
12/26/2022,Biotin,Vitamin,156,56.96," ? 8,885.76 ",0.14,1,USA,Walmart,,,,,
12/26/2022,Green Tea Extract,Fat Burner,146,42.54," ? 6,210.84 ",0.04,0,UK,Amazon,,,,,
12/26/2022,Iron Supplement,Mineral,157,34.98," ? 5,491.86 ",0.19,2,Canada,Walmart,,,,,
12/26/2022,Electrolyte Powder,Hydration,129,20.97," ? 2,705.13 ",0.06,1,Canada,iHerb,,,,,
1/2/2023,Whey Protein,Protein,150,13.38," ? 2,007.00 ",0.04,5,UK,Walmart,,,,,
1/2/2023,Vitamin C,Vitamin,149,52.44," ? 7,813.56 ",0.13,2,Canada,iHerb,,,,,
1/2/2023,Fish Oil,Omega,138,23.62," ? 3,259.56 ",0.21,0,Canada,iHerb,,,,,
1/2/2023,Multivitamin,Vitamin,160,54.06," ? 8,649.60 ",0.08,2,UK,iHerb,,,,,
1/2/2023,Pre-Workout,Performance,149,42.27," ? 6,298.23 ",0.24,0,Canada,Walmart,,,,,
1/2/2023,BCAA,Amino Acid,171,50.37," ? 8,613.27 ",0.1,1,Canada,Walmart,,,,,
1/2/2023,Creatine,Performance,166,36.73," ? 6,097.18 ",0.01,0,UK,Walmart,,,,,
1/2/2023,Zinc,Mineral,155,39.13," ? 6,065.15 ",0.04,1,UK,iHerb,,,,,
1/2/2023,Collagen Peptides,Protein,145,53.52," ? 7,760.40 ",0.19,0,UK,Amazon,,,,,
1/2/2023,Magnesium,Mineral,168,47.19," ? 7,927.92 ",0.04,2,Canada,Amazon,,,,,
1/2/2023,Ashwagandha,Herbal,140,10.84," ? 1,517.60 ",0.04,0,Canada,Walmart,,,,,
1/2/2023,Melatonin,Sleep Aid,140,44.6," ? 6,244.00 ",0.01,2,UK,Amazon,,,,,
1/2/2023,Biotin,Vitamin,173,40.72," ? 7,044.56 ",0.01,4,USA,Walmart,,,,,
1/2/2023,Green Tea Extract,Fat Burner,151,27.12," ? 4,095.12 ",0.02,1,UK,Amazon,,,,,
1/2/2023,Iron Supplement,Mineral,156,29.19," ? 4,553.64 ",0.03,1,USA,iHerb,,,,,
1/2/2023,Electrolyte Powder,Hydration,131,16.76," ? 2,195.56 ",0.15,1,UK,iHerb,,,,,
1/9/2023,Whey Protein,Protein,139,32.85," ? 4,566.15 ",0.1,1,USA,Amazon,,,,,
1/9/2023,Vitamin C,Vitamin,150,37.95," ? 5,692.50 ",0.17,0,USA,Walmart,,,,,
1/9/2023,Fish Oil,Omega,149,19.32," ? 2,878.68 ",0.14,3,Canada,iHerb,,,,,
1/9/2023,Multivitamin,Vitamin,167,30.96," ? 5,170.32 ",0.15,0,UK,Walmart,,,,,
1/9/2023,Pre-Workout,Performance,160,55.17," ? 8,827.20 ",0,1,USA,Walmart,,,,,
1/9/2023,BCAA,Amino Acid,163,54.72," ? 8,919.36 ",0.01,2,USA,Amazon,,,,,
1/9/2023,Creatine,Performance,152,35.68," ? 5,423.36 ",0.15,0,UK,Amazon,,,,,
1/9/2023,Zinc,Mineral,141,33.42," ? 4,712.22 ",0.21,1,Canada,Walmart,,,,,
1/9/2023,Collagen Peptides,Protein,170,48.54," ? 8,251.80 ",0.03,0,USA,Walmart,,,,,
1/9/2023,Magnesium,Mineral,141,50.97," ? 7,186.77 ",0.18,4,UK,iHerb,,,,,
1/9/2023,Ashwagandha,Herbal,158,44.95," ? 7,102.10 ",0.25,2,USA,Amazon,,,,,
1/9/2023,Melatonin,Sleep Aid,133,52.54," ? 6,987.82 ",0.24,0,UK,iHerb,,,,,
1/9/2023,Biotin,Vitamin,150,22.37," ? 3,355.50 ",0.15,1,USA,Amazon,,,,,
1/9/2023,Green Tea Extract,Fat Burner,144,36.46," ? 5,250.24 ",0.11,1,Canada,iHerb,,,,,
1/9/2023,Iron Supplement,Mineral,143,12.37," ? 1,768.91 ",0.05,2,UK,Walmart,,,,,
1/9/2023,Electrolyte Powder,Hydration,161,15.43," ? 2,484.23 ",0.19,1,UK,iHerb,,,,,
1/16/2023,Whey Protein,Protein,178,26.34," ? 4,688.52 ",0.07,2,USA,Walmart,,,,,
1/16/2023,Vitamin C,Vitamin,129,18.79," ? 2,423.91 ",0.19,1,USA,iHerb,,,,,
1/16/2023,Fish Oil,Omega,147,20.71," ? 3,044.37 ",0.14,4,USA,iHerb,,,,,
1/16/2023,Multivitamin,Vitamin,128,22.15," ? 2,835.20 ",0.06,1,UK,Amazon,,,,,
1/16/2023,Pre-Workout,Performance,138,41.84," ? 5,773.92 ",0.13,1,USA,Walmart,,,,,
1/16/2023,BCAA,Amino Acid,138,30.06," ? 4,148.28 ",0.2,2,UK,Amazon,,,,,
1/16/2023,Creatine,Performance,134,55.41," ? 7,424.94 ",0.13,3,Canada,Amazon,,,,,
1/16/2023,Zinc,Mineral,125,36.97," ? 4,621.25 ",0.22,0,UK,Walmart,,,,,
1/16/2023,Collagen Peptides,Protein,140,53.29," ? 7,460.60 ",0.23,5,UK,iHerb,,,,,
1/16/2023,Magnesium,Mineral,181,12.39," ? 2,242.59 ",0.04,1,UK,Walmart,,,,,
1/16/2023,Ashwagandha,Herbal,137,55.87," ? 7,654.19 ",0.12,0,USA,Walmart,,,,,
1/16/2023,Melatonin,Sleep Aid,148,38.88," ? 5,754.24 ",0.11,0,UK,iHerb,,,,,
1/16/2023,Biotin,Vitamin,149,17.79," ? 2,650.71 ",0.05,2,USA,iHerb,,,,,
1/16/2023,Green Tea Extract,Fat Burner,141,23.58," ? 3,324.78 ",0.01,1,Canada,iHerb,,,,,
1/16/2023,Iron Supplement,Mineral,138,42.06," ? 5,804.28 ",0.23,2,USA,Walmart,,,,,
1/16/2023,Electrolyte Powder,Hydration,137,42.09," ? 5,766.33 ",0.17,2,UK,Amazon,,,,,
1/23/2023,Whey Protein,Protein,153,41.83," ? 6,399.99 ",0.07,0,USA,iHerb,,,,,
1/23/2023,Vitamin C,Vitamin,154,14," ? 2,156.00 ",0,2,Canada,Walmart,,,,,
1/23/2023,Fish Oil,Omega,145,28.76," ? 4,170.20 ",0.12,1,UK,iHerb,,,,,
1/23/2023,Multivitamin,Vitamin,155,58.19," ? 9,019.45 ",0.23,3,Canada,iHerb,,,,,
1/23/2023,Pre-Workout,Performance,171,36.82," ? 6,296.22 ",0.19,2,UK,iHerb,,,,,
1/23/2023,BCAA,Amino Acid,168,59.89," ? 10,061.52 ",0.09,3,Canada,Amazon,,,,,
1/23/2023,Creatine,Performance,157,26.29," ? 4,127.53 ",0.2,3,UK,Walmart,,,,,
1/23/2023,Zinc,Mineral,139,29.61," ? 4,115.79 ",0.25,1,USA,Amazon,,,,,
1/23/2023,Collagen Peptides,Protein,140,42.69," ? 5,976.60 ",0.02,2,UK,Walmart,,,,,
1/23/2023,Magnesium,Mineral,173,13.38," ? 2,314.74 ",0.25,2,UK,iHerb,,,,,
1/23/2023,Ashwagandha,Herbal,136,18.56," ? 2,524.16 ",0.21,0,UK,iHerb,,,,,
1/23/2023,Melatonin,Sleep Aid,140,39.31," ? 5,503.40 ",0.2,2,USA,iHerb,,,,,
1/23/2023,Biotin,Vitamin,139,42.21," ? 5,867.19 ",0.04,4,UK,iHerb,,,,,
1/23/2023,Green Tea Extract,Fat Burner,150,56.86," ? 8,529.00 ",0.15,2,Canada,Amazon,,,,,
1/23/2023,Iron Supplement,Mineral,151,11.66," ? 1,760.66 ",0.07,1,UK,iHerb,,,,,
1/23/2023,Electrolyte Powder,Hydration,128,29.68," ? 3,799.04 ",0.07,0,Canada,iHerb,,,,,
1/30/2023,Whey Protein,Protein,158,29.75," ? 4,700.50 ",0.14,1,UK,Amazon,,,,,
1/30/2023,Vitamin C,Vitamin,154,34.43," ? 5,302.22 ",0.16,3,Canada,iHerb,,,,,
1/30/2023,Fish Oil,Omega,146,39.88," ? 5,822.48 ",0.23,1,USA,Walmart,,,,,
1/30/2023,Multivitamin,Vitamin,143,12.46," ? 1,781.78 ",0.03,0,UK,iHerb,,,,,
1/30/2023,Pre-Workout,Performance,164,53.08," ? 8,705.12 ",0.11,0,USA,iHerb,,,,,
1/30/2023,BCAA,Amino Acid,146,41.22," ? 6,018.12 ",0.17,1,UK,Amazon,,,,,
1/30/2023,Creatine,Performance,164,51.5," ? 8,446.00 ",0.05,3,USA,iHerb,,,,,
1/30/2023,Zinc,Mineral,143,52.17," ? 7,460.31 ",0.24,2,Canada,Walmart,,,,,
1/30/2023,Collagen Peptides,Protein,140,33.33," ? 4,666.20 ",0.22,0,USA,Amazon,,,,,
1/30/2023,Magnesium,Mineral,163,50.43," ? 8,220.09 ",0.23,1,Canada,Amazon,,,,,
1/30/2023,Ashwagandha,Herbal,145,36.47," ? 5,288.15 ",0.17,2,UK,iHerb,,,,,
1/30/2023,Melatonin,Sleep Aid,136,19.79," ? 2,691.44 ",0.23,0,UK,Walmart,,,,,
1/30/2023,Biotin,Vitamin,159,25.89," ? 4,116.51 ",0.08,2,Canada,iHerb,,,,,
1/30/2023,Green Tea Extract,Fat Burner,152,25.37," ? 3,856.24 ",0.17,2,Canada,iHerb,,,,,
1/30/2023,Iron Supplement,Mineral,135,34.14," ? 4,608.90 ",0.09,1,Canada,Walmart,,,,,
1/30/2023,Electrolyte Powder,Hydration,157,45.47," ? 7,138.79 ",0.23,2,UK,Walmart,,,,,
2/6/2023,Whey Protein,Protein,154,53.22," ? 8,195.88 ",0.07,2,UK,iHerb,,,,,
2/6/2023,Vitamin C,Vitamin,158,13.02," ? 2,057.16 ",0.2,0,USA,iHerb,,,,,
2/6/2023,Fish Oil,Omega,157,53.12," ? 8,339.84 ",0.04,1,UK,Walmart,,,,,
2/6/2023,Multivitamin,Vitamin,153,27.04," ? 4,137.12 ",0.12,1,UK,iHerb,,,,,
2/6/2023,Pre-Workout,Performance,148,38.31," ? 5,669.88 ",0.06,5,Canada,iHerb,,,,,
2/6/2023,BCAA,Amino Acid,150,33.85," ? 5,077.50 ",0.22,0,UK,Walmart,,,,,
2/6/2023,Creatine,Performance,156,18.48," ? 2,882.88 ",0.2,1,USA,Amazon,,,,,
2/6/2023,Zinc,Mineral,142,41.93," ? 5,954.06 ",0.22,2,UK,Walmart,,,,,
2/6/2023,Collagen Peptides,Protein,159,12.74," ? 2,025.66 ",0.19,2,USA,Amazon,,,,,
2/6/2023,Magnesium,Mineral,127,14.12," ? 1,793.24 ",0.18,1,Canada,Walmart,,,,,
2/6/2023,Ashwagandha,Herbal,179,40.3," ? 7,213.70 ",0.05,2,USA,Amazon,,,,,
2/6/2023,Melatonin,Sleep Aid,158,50.75," ? 8,018.50 ",0.21,0,Canada,Walmart,,,,,
2/6/2023,Biotin,Vitamin,144,34.93," ? 5,029.92 ",0.05,1,UK,Amazon,,,,,
2/6/2023,Green Tea Extract,Fat Burner,147,50.49," ? 7,422.03 ",0.1,0,UK,Amazon,,,,,
2/6/2023,Iron Supplement,Mineral,145,43.14," ? 6,255.30 ",0.21,2,UK,Walmart,,,,,
2/6/2023,Electrolyte Powder,Hydration,146,19.31," ? 2,819.26 ",0.07,2,Canada,Walmart,,,,,
2/13/2023,Whey Protein,Protein,168,33.26," ? 5,587.68 ",0.02,0,Canada,Amazon,,,,,
2/13/2023,Vitamin C,Vitamin,145,40.46," ? 5,866.70 ",0,5,USA,iHerb,,,,,
2/13/2023,Fish Oil,Omega,145,36.75," ? 5,328.75 ",0.03,2,UK,iHerb,,,,,
2/13/2023,Multivitamin,Vitamin,158,35.73," ? 5,645.34 ",0.02,2,UK,Walmart,,,,,
2/13/2023,Pre-Workout,Performance,170,23.18," ? 3,940.60 ",0.23,1,Canada,Walmart,,,,,
2/13/2023,BCAA,Amino Acid,155,39.82," ? 6,172.10 ",0.1,1,UK,iHerb,,,,,
2/13/2023,Creatine,Performance,159,42.18," ? 6,706.62 ",0.06,0,Canada,Walmart,,,,,
2/13/2023,Zinc,Mineral,162,25.34," ? 4,105.08 ",0.03,0,Canada,Walmart,,,,,
2/13/2023,Collagen Peptides,Protein,144,55.94," ? 8,055.36 ",0.22,3,UK,Walmart,,,,,
2/13/2023,Magnesium,Mineral,169,20.97," ? 3,543.93 ",0.2,1,Canada,Amazon,,,,,
2/13/2023,Ashwagandha,Herbal,141,35.75," ? 5,040.75 ",0.08,0,UK,Walmart,,,,,
2/13/2023,Melatonin,Sleep Aid,148,38.53," ? 5,702.44 ",0.22,0,Canada,Amazon,,,,,
2/13/2023,Biotin,Vitamin,136,33.17," ? 4,511.12 ",0.17,2,Canada,Walmart,,,,,
2/13/2023,Green Tea Extract,Fat Burner,146,37.55," ? 5,482.30 ",0.03,1,UK,iHerb,,,,,
2/13/2023,Iron Supplement,Mineral,139,15.56," ? 2,162.84 ",0.01,2,UK,Amazon,,,,,
2/13/2023,Electrolyte Powder,Hydration,154,43.02," ? 6,625.08 ",0.03,1,USA,iHerb,,,,,
2/20/2023,Whey Protein,Protein,134,47.35," ? 6,344.90 ",0.05,1,UK,iHerb,,,,,
2/20/2023,Vitamin C,Vitamin,162,20.5," ? 3,321.00 ",0.2,2,Canada,iHerb,,,,,
2/20/2023,Fish Oil,Omega,157,38.18," ? 5,994.26 ",0.18,1,USA,Amazon,,,,,
2/20/2023,Multivitamin,Vitamin,145,25.44," ? 3,688.80 ",0.14,2,UK,iHerb,,,,,
2/20/2023,Pre-Workout,Performance,147,50.28," ? 7,391.16 ",0.18,1,UK,Walmart,,,,,
2/20/2023,BCAA,Amino Acid,144,53.81," ? 7,748.64 ",0.22,0,USA,iHerb,,,,,
2/20/2023,Creatine,Performance,147,58.88," ? 8,655.36 ",0.17,1,Canada,Amazon,,,,,
2/20/2023,Zinc,Mineral,131,47.63," ? 6,239.53 ",0.12,1,USA,Walmart,,,,,
2/20/2023,Collagen Peptides,Protein,168,22.45," ? 3,771.60 ",0.23,3,Canada,Amazon,,,,,
2/20/2023,Magnesium,Mineral,163,17.16," ? 2,797.08 ",0.01,1,USA,iHerb,,,,,
2/20/2023,Ashwagandha,Herbal,160,46.46," ? 7,433.60 ",0.06,1,USA,Walmart,,,,,
2/20/2023,Melatonin,Sleep Aid,146,15.48," ? 2,260.08 ",0.12,1,UK,Walmart,,,,,
2/20/2023,Biotin,Vitamin,157,37.21," ? 5,841.97 ",0.01,2,UK,Amazon,,,,,
2/20/2023,Green Tea Extract,Fat Burner,124,44.25," ? 5,487.00 ",0.05,2,Canada,iHerb,,,,,
2/20/2023,Iron Supplement,Mineral,170,25.26," ? 4,294.20 ",0.15,4,UK,Walmart,,,,,
2/20/2023,Electrolyte Powder,Hydration,143,10.47," ? 1,497.21 ",0,2,USA,Walmart,,,,,
2/27/2023,Whey Protein,Protein,160,56.5," ? 9,040.00 ",0.03,1,USA,Walmart,,,,,
2/27/2023,Vitamin C,Vitamin,169,44.11," ? 7,454.59 ",0.13,0,UK,iHerb,,,,,
2/27/2023,Fish Oil,Omega,142,52.62," ? 7,472.04 ",0.18,2,UK,Amazon,,,,,
2/27/2023,Multivitamin,Vitamin,150,15.96," ? 2,394.00 ",0.1,0,Canada,Amazon,,,,,
2/27/2023,Pre-Workout,Performance,139,30.93," ? 4,299.27 ",0.01,1,Canada,iHerb,,,,,
2/27/2023,BCAA,Amino Acid,152,57.16," ? 8,688.32 ",0.02,3,USA,Walmart,,,,,
2/27/2023,Creatine,Performance,145,30.09," ? 4,363.05 ",0.02,2,UK,Amazon,,,,,
2/27/2023,Zinc,Mineral,123,46.15," ? 5,676.45 ",0.1,0,USA,iHerb,,,,,
2/27/2023,Collagen Peptides,Protein,160,56.13," ? 8,980.80 ",0.09,1,USA,iHerb,,,,,
2/27/2023,Magnesium,Mineral,145,47.55," ? 6,894.75 ",0.08,1,UK,iHerb,,,,,
2/27/2023,Ashwagandha,Herbal,147,55.89," ? 8,215.83 ",0.17,1,Canada,Walmart,,,,,
2/27/2023,Melatonin,Sleep Aid,161,13.03," ? 2,097.83 ",0.02,0,UK,Amazon,,,,,
2/27/2023,Biotin,Vitamin,148,25.65," ? 3,796.20 ",0.1,3,Canada,Walmart,,,,,
2/27/2023,Green Tea Extract,Fat Burner,164,23.34," ? 3,827.76 ",0.03,0,Canada,Walmart,,,,,
2/27/2023,Iron Supplement,Mineral,132,37.59," ? 4,961.88 ",0.02,0,Canada,Amazon,,,,,
2/27/2023,Electrolyte Powder,Hydration,137,40.79," ? 5,588.23 ",0.14,0,USA,Walmart,,,,,
3/6/2023,Whey Protein,Protein,145,21.32," ? 3,091.40 ",0.22,4,UK,iHerb,,,,,
3/6/2023,Vitamin C,Vitamin,155,42.14," ? 6,531.70 ",0.01,6,USA,iHerb,,,,,
3/6/2023,Fish Oil,Omega,131,22.64," ? 2,965.84 ",0.1,2,USA,iHerb,,,,,
3/6/2023,Multivitamin,Vitamin,148,26.72," ? 3,954.56 ",0.09,4,USA,Amazon,,,,,
3/6/2023,Pre-Workout,Performance,162,19.99," ? 3,238.38 ",0.2,0,USA,Walmart,,,,,
3/6/2023,BCAA,Amino Acid,139,54.02," ? 7,508.78 ",0.03,0,USA,Walmart,,,,,
3/6/2023,Creatine,Performance,150,38.44," ? 5,766.00 ",0.11,1,UK,Walmart,,,,,
3/6/2023,Zinc,Mineral,132,51.05," ? 6,738.60 ",0.22,0,Canada,Walmart,,,,,
3/6/2023,Collagen Peptides,Protein,133,40.41," ? 5,374.53 ",0.18,1,UK,iHerb,,,,,
3/6/2023,Magnesium,Mineral,156,56.77," ? 8,856.12 ",0.02,0,UK,Walmart,,,,,
3/6/2023,Ashwagandha,Herbal,127,49.63," ? 6,303.01 ",0.14,0,USA,Amazon,,,,,
3/6/2023,Melatonin,Sleep Aid,141,38.04," ? 5,363.64 ",0.06,0,USA,Walmart,,,,,
3/6/2023,Biotin,Vitamin,159,32.62," ? 5,186.58 ",0.03,3,Canada,iHerb,,,,,
3/6/2023,Green Tea Extract,Fat Burner,152,34.77," ? 5,285.04 ",0.24,3,Canada,Walmart,,,,,
3/6/2023,Iron Supplement,Mineral,153,26.15," ? 4,000.95 ",0.09,0,UK,Amazon,,,,,
3/6/2023,Electrolyte Powder,Hydration,153,48.68," ? 7,448.04 ",0.04,1,Canada,Walmart,,,,,
3/13/2023,Whey Protein,Protein,137,17.9," ? 2,452.30 ",0.23,0,USA,Amazon,,,,,
3/13/2023,Vitamin C,Vitamin,142,32.92," ? 4,674.64 ",0.01,1,UK,Walmart,,,,,
3/13/2023,Fish Oil,Omega,153,38.19," ? 5,843.07 ",0.02,2,UK,Amazon,,,,,
3/13/2023,Multivitamin,Vitamin,172,27.09," ? 4,659.48 ",0.08,0,USA,Amazon,,,,,
3/13/2023,Pre-Workout,Performance,155,32.97," ? 5,110.35 ",0.23,0,USA,Amazon,,,,,
3/13/2023,BCAA,Amino Acid,139,35.14," ? 4,884.46 ",0.08,0,UK,iHerb,,,,,
3/13/2023,Creatine,Performance,159,44.38," ? 7,056.42 ",0.09,1,Canada,Walmart,,,,,
3/13/2023,Zinc,Mineral,173,35.01," ? 6,056.73 ",0.21,2,Canada,Walmart,,,,,
3/13/2023,Collagen Peptides,Protein,142,44.01," ? 6,249.42 ",0.22,0,Canada,Walmart,,,,,
3/13/2023,Magnesium,Mineral,127,21.64," ? 2,748.28 ",0.07,0,Canada,iHerb,,,,,
3/13/2023,Ashwagandha,Herbal,138,56.7," ? 7,824.60 ",0.04,0,Canada,Walmart,,,,,
3/13/2023,Melatonin,Sleep Aid,160,15.24," ? 2,438.40 ",0.21,1,Canada,Walmart,,,,,
3/13/2023,Biotin,Vitamin,141,51.11," ? 7,206.51 ",0.19,3,UK,iHerb,,,,,
3/13/2023,Green Tea Extract,Fat Burner,172,31.19," ? 5,364.68 ",0,3,USA,Amazon,,,,,
3/13/2023,Iron Supplement,Mineral,136,26.47," ? 3,599.92 ",0.09,0,Canada,iHerb,,,,,
3/13/2023,Electrolyte Powder,Hydration,144,11.28," ? 1,624.32 ",0.1,0,UK,Walmart,,,,,
3/20/2023,Whey Protein,Protein,145,22.61," ? 3,278.45 ",0.22,1,Canada,Amazon,,,,,
3/20/2023,Vitamin C,Vitamin,141,17.11," ? 2,412.51 ",0.06,1,UK,Walmart,,,,,
3/20/2023,Fish Oil,Omega,140,34.57," ? 4,839.80 ",0.19,4,USA,Walmart,,,,,
3/20/2023,Multivitamin,Vitamin,133,25.98," ? 3,455.34 ",0.04,2,USA,Walmart,,,,,
3/20/2023,Pre-Workout,Performance,160,36.89," ? 5,902.40 ",0.01,2,USA,Walmart,,,,,
3/20/2023,BCAA,Amino Acid,161,23.27," ? 3,746.47 ",0.17,1,Canada,iHerb,,,,,
3/20/2023,Creatine,Performance,152,29.06," ? 4,417.12 ",0.18,3,UK,iHerb,,,,,
3/20/2023,Zinc,Mineral,150,52.78," ? 7,917.00 ",0.12,3,USA,iHerb,,,,,
3/20/2023,Collagen Peptides,Protein,137,42.87," ? 5,873.19 ",0.22,3,Canada,Walmart,,,,,
3/20/2023,Magnesium,Mineral,155,26.57," ? 4,118.35 ",0.25,1,UK,Amazon,,,,,
3/20/2023,Ashwagandha,Herbal,159,40.43," ? 6,428.37 ",0.1,4,USA,Walmart,,,,,
3/20/2023,Melatonin,Sleep Aid,152,10.38," ? 1,577.76 ",0.14,2,UK,Amazon,,,,,
3/20/2023,Biotin,Vitamin,149,58.73," ? 8,750.77 ",0.06,1,UK,Amazon,,,,,
3/20/2023,Green Tea Extract,Fat Burner,125,29," ? 3,625.00 ",0.01,1,UK,Amazon,,,,,
3/20/2023,Iron Supplement,Mineral,139,59.37," ? 8,252.43 ",0.2,5,Canada,Walmart,,,,,
3/20/2023,Electrolyte Powder,Hydration,157,32.06," ? 5,033.42 ",0.2,1,USA,Amazon,,,,,
3/27/2023,Whey Protein,Protein,157,22.67," ? 3,559.19 ",0.22,1,UK,Walmart,,,,,
3/27/2023,Vitamin C,Vitamin,139,30.89," ? 4,293.71 ",0.19,1,Canada,iHerb,,,,,
3/27/2023,Fish Oil,Omega,146,39.22," ? 5,726.12 ",0.1,0,Canada,iHerb,,,,,
3/27/2023,Multivitamin,Vitamin,168,53.16," ? 8,930.88 ",0.09,2,UK,iHerb,,,,,
3/27/2023,Pre-Workout,Performance,171,38.35," ? 6,557.85 ",0.19,3,USA,iHerb,,,,,
3/27/2023,BCAA,Amino Acid,151,47.88," ? 7,229.88 ",0.21,2,USA,iHerb,,,,,
3/27/2023,Creatine,Performance,148,28.13," ? 4,163.24 ",0.03,0,USA,Walmart,,,,,
3/27/2023,Zinc,Mineral,142,44.43," ? 6,309.06 ",0.02,0,USA,Amazon,,,,,
3/27/2023,Collagen Peptides,Protein,131,23.39," ? 3,064.09 ",0.14,4,USA,Walmart,,,,,
3/27/2023,Magnesium,Mineral,166,18.8," ? 3,120.80 ",0.07,0,UK,Amazon,,,,,
3/27/2023,Ashwagandha,Herbal,161,37.83," ? 6,090.63 ",0.06,1,UK,iHerb,,,,,
3/27/2023,Melatonin,Sleep Aid,164,53.55," ? 8,782.20 ",0.16,4,UK,Walmart,,,,,
3/27/2023,Biotin,Vitamin,142,44.51," ? 6,320.42 ",0.1,3,USA,iHerb,,,,,
3/27/2023,Green Tea Extract,Fat Burner,146,52.64," ? 7,685.44 ",0.16,0,USA,iHerb,,,,,
3/27/2023,Iron Supplement,Mineral,151,48.93," ? 7,388.43 ",0.08,1,UK,iHerb,,,,,
3/27/2023,Electrolyte Powder,Hydration,162,17.93," ? 2,904.66 ",0.1,1,UK,iHerb,,,,,
4/3/2023,Whey Protein,Protein,174,24.85," ? 4,323.90 ",0.06,3,Canada,Walmart,,,,,
4/3/2023,Vitamin C,Vitamin,156,28.85," ? 4,500.60 ",0.13,1,UK,Walmart,,,,,
4/3/2023,Fish Oil,Omega,167,55.43," ? 9,256.81 ",0.11,2,USA,Amazon,,,,,
4/3/2023,Multivitamin,Vitamin,124,33.85," ? 4,197.40 ",0.11,1,Canada,Amazon,,,,,
4/3/2023,Pre-Workout,Performance,176,32.59," ? 5,735.84 ",0.05,3,Canada,Amazon,,,,,
4/3/2023,BCAA,Amino Acid,132,44.86," ? 5,921.52 ",0.09,3,Canada,Amazon,,,,,
4/3/2023,Creatine,Performance,152,39.23," ? 5,962.96 ",0.11,1,USA,Amazon,,,,,
4/3/2023,Zinc,Mineral,127,19.89," ? 2,526.03 ",0.14,1,Canada,Walmart,,,,,
4/3/2023,Collagen Peptides,Protein,154,31.06," ? 4,783.24 ",0.21,1,USA,Amazon,,,,,
4/3/2023,Magnesium,Mineral,155,42.67," ? 6,613.85 ",0.21,4,Canada,iHerb,,,,,
4/3/2023,Ashwagandha,Herbal,153,38.19," ? 5,843.07 ",0.04,3,USA,iHerb,,,,,
4/3/2023,Melatonin,Sleep Aid,170,24.02," ? 4,083.40 ",0.04,2,Canada,iHerb,,,,,
4/3/2023,Biotin,Vitamin,143,43.55," ? 6,227.65 ",0.16,1,Canada,Amazon,,,,,
4/3/2023,Green Tea Extract,Fat Burner,151,12.81," ? 1,934.31 ",0.16,2,Canada,iHerb,,,,,
4/3/2023,Iron Supplement,Mineral,161,21.31," ? 3,430.91 ",0.24,6,USA,Walmart,,,,,
4/3/2023,Electrolyte Powder,Hydration,142,26.91," ? 3,821.22 ",0.24,0,UK,iHerb,,,,,
4/10/2023,Whey Protein,Protein,150,26.3," ? 3,945.00 ",0.16,0,Canada,Walmart,,,,,
4/10/2023,Vitamin C,Vitamin,162,27.98," ? 4,532.76 ",0.08,1,USA,iHerb,,,,,
4/10/2023,Fish Oil,Omega,135,14.18," ? 1,914.30 ",0.21,0,UK,Walmart,,,,,
4/10/2023,Multivitamin,Vitamin,142,37.75," ? 5,360.50 ",0.03,3,USA,Amazon,,,,,
4/10/2023,Pre-Workout,Performance,148,35.05," ? 5,187.40 ",0.15,1,Canada,Amazon,,,,,
4/10/2023,BCAA,Amino Acid,138,32.01," ? 4,417.38 ",0.1,2,USA,Walmart,,,,,
4/10/2023,Creatine,Performance,157,26.94," ? 4,229.58 ",0.1,0,USA,Amazon,,,,,
4/10/2023,Zinc,Mineral,140,59.81," ? 8,373.40 ",0.18,0,UK,Amazon,,,,,
4/10/2023,Collagen Peptides,Protein,148,56.17," ? 8,313.16 ",0.15,0,USA,iHerb,,,,,
4/10/2023,Magnesium,Mineral,153,26.87," ? 4,111.11 ",0.1,2,UK,iHerb,,,,,
4/10/2023,Ashwagandha,Herbal,172,49.49," ? 8,512.28 ",0.04,1,USA,Amazon,,,,,
4/10/2023,Melatonin,Sleep Aid,151,41.75," ? 6,304.25 ",0.07,2,Canada,Walmart,,,,,
4/10/2023,Biotin,Vitamin,162,19.04," ? 3,084.48 ",0.16,5,UK,Amazon,,,,,
4/10/2023,Green Tea Extract,Fat Burner,154,10.86," ? 1,672.44 ",0.08,0,USA,Amazon,,,,,
4/10/2023,Iron Supplement,Mineral,162,22.93," ? 3,714.66 ",0.08,1,UK,iHerb,,,,,
4/10/2023,Electrolyte Powder,Hydration,170,42.81," ? 7,277.70 ",0.1,2,Canada,Amazon,,,,,
4/17/2023,Whey Protein,Protein,146,41.72," ? 6,091.12 ",0.15,1,UK,Amazon,,,,,
4/17/2023,Vitamin C,Vitamin,135,30.76," ? 4,152.60 ",0.16,3,UK,Amazon,,,,,
4/17/2023,Fish Oil,Omega,116,19.69," ? 2,284.04 ",0.13,1,Canada,Amazon,,,,,
4/17/2023,Multivitamin,Vitamin,158,39.72," ? 6,275.76 ",0.22,3,UK,iHerb,,,,,
4/17/2023,Pre-Workout,Performance,169,19.88," ? 3,359.72 ",0,2,Canada,Walmart,,,,,
4/17/2023,BCAA,Amino Acid,174,41.85," ? 7,281.90 ",0.19,4,UK,Walmart,,,,,
4/17/2023,Creatine,Performance,144,37.15," ? 5,349.60 ",0.1,0,USA,iHerb,,,,,
4/17/2023,Zinc,Mineral,159,47.35," ? 7,528.65 ",0.09,1,UK,Walmart,,,,,
4/17/2023,Collagen Peptides,Protein,145,38.12," ? 5,527.40 ",0.03,0,USA,Amazon,,,,,
4/17/2023,Magnesium,Mineral,160,57.95," ? 9,272.00 ",0.13,5,UK,iHerb,,,,,
4/17/2023,Ashwagandha,Herbal,125,27.47," ? 3,433.75 ",0.21,1,Canada,Walmart,,,,,
4/17/2023,Melatonin,Sleep Aid,141,28.73," ? 4,050.93 ",0,1,USA,iHerb,,,,,
4/17/2023,Biotin,Vitamin,156,31.6," ? 4,929.60 ",0.01,2,USA,Amazon,,,,,
4/17/2023,Green Tea Extract,Fat Burner,160,31.01," ? 4,961.60 ",0.02,1,Canada,iHerb,,,,,
4/17/2023,Iron Supplement,Mineral,136,36.46," ? 4,958.56 ",0.24,0,Canada,iHerb,,,,,
4/17/2023,Electrolyte Powder,Hydration,153,35.81," ? 5,478.93 ",0.22,0,Canada,Amazon,,,,,
4/24/2023,Whey Protein,Protein,144,22.57," ? 3,250.08 ",0.08,2,USA,Walmart,,,,,
4/24/2023,Vitamin C,Vitamin,137,34.12," ? 4,674.44 ",0.11,4,USA,Amazon,,,,,
4/24/2023,Fish Oil,Omega,153,31.52," ? 4,822.56 ",0.11,3,UK,Walmart,,,,,
4/24/2023,Multivitamin,Vitamin,168,19.96," ? 3,353.28 ",0.12,3,UK,Walmart,,,,,
4/24/2023,Pre-Workout,Performance,143,45.41," ? 6,493.63 ",0.19,1,UK,iHerb,,,,,
4/24/2023,BCAA,Amino Acid,146,40.57," ? 5,923.22 ",0.18,1,UK,Amazon,,,,,
4/24/2023,Creatine,Performance,156,22.25," ? 3,471.00 ",0.18,1,Canada,iHerb,,,,,
4/24/2023,Zinc,Mineral,157,39.94," ? 6,270.58 ",0.11,2,USA,Walmart,,,,,
4/24/2023,Collagen Peptides,Protein,142,50.3," ? 7,142.60 ",0.06,1,Canada,Amazon,,,,,
4/24/2023,Magnesium,Mineral,156,45.2," ? 7,051.20 ",0.17,1,Canada,iHerb,,,,,
4/24/2023,Ashwagandha,Herbal,146,17.84," ? 2,604.64 ",0.17,0,USA,Amazon,,,,,
4/24/2023,Melatonin,Sleep Aid,174,52.88," ? 9,201.12 ",0.23,1,Canada,iHerb,,,,,
4/24/2023,Biotin,Vitamin,164,11.08," ? 1,817.12 ",0.2,0,USA,Walmart,,,,,
4/24/2023,Green Tea Extract,Fat Burner,160,43.69," ? 6,990.40 ",0.01,3,USA,Walmart,,,,,
4/24/2023,Iron Supplement,Mineral,137,21.22," ? 2,907.14 ",0.02,1,Canada,Walmart,,,,,
4/24/2023,Electrolyte Powder,Hydration,137,21.88," ? 2,997.56 ",0.09,1,USA,Walmart,,,,,
5/1/2023,Whey Protein,Protein,142,50.78," ? 7,210.76 ",0.04,0,USA,iHerb,,,,,
5/1/2023,Vitamin C,Vitamin,144,37.13," ? 5,346.72 ",0.09,2,UK,iHerb,,,,,
5/1/2023,Fish Oil,Omega,146,58.31," ? 8,513.26 ",0.13,5,UK,Amazon,,,,,
5/1/2023,Multivitamin,Vitamin,143,18.28," ? 2,614.04 ",0.1,1,UK,Walmart,,,,,
5/1/2023,Pre-Workout,Performance,131,26.91," ? 3,525.21 ",0.03,1,Canada,Amazon,,,,,
5/1/2023,BCAA,Amino Acid,167,45.7," ? 7,631.90 ",0.15,1,UK,Amazon,,,,,
5/1/2023,Creatine,Performance,140,39.61," ? 5,545.40 ",0.09,0,Canada,Walmart,,,,,
5/1/2023,Zinc,Mineral,133,32.02," ? 4,258.66 ",0.16,1,Canada,Amazon,,,,,
5/1/2023,Collagen Peptides,Protein,166,34.04," ? 5,650.64 ",0.23,2,USA,Amazon,,,,,
5/1/2023,Magnesium,Mineral,132,49.36," ? 6,515.52 ",0.21,1,UK,Amazon,,,,,
5/1/2023,Ashwagandha,Herbal,152,31.96," ? 4,857.92 ",0.17,0,UK,Amazon,,,,,
5/1/2023,Melatonin,Sleep Aid,155,18.05," ? 2,797.75 ",0.1,2,Canada,Walmart,,,,,
5/1/2023,Biotin,Vitamin,155,40.66," ? 6,302.30 ",0.2,0,USA,Walmart,,,,,
5/1/2023,Green Tea Extract,Fat Burner,148,37.31," ? 5,521.88 ",0.16,1,UK,iHerb,,,,,
5/1/2023,Iron Supplement,Mineral,150,17.99," ? 2,698.50 ",0.1,0,USA,iHerb,,,,,
5/1/2023,Electrolyte Powder,Hydration,144,36.69," ? 5,283.36 ",0.2,2,USA,Walmart,,,,,
5/8/2023,Whey Protein,Protein,159,55.15," ? 8,768.85 ",0.23,1,UK,Amazon,,,,,
5/8/2023,Vitamin C,Vitamin,143,19.14," ? 2,737.02 ",0.22,2,USA,Amazon,,,,,
5/8/2023,Fish Oil,Omega,159,12.41," ? 1,973.19 ",0.13,2,Canada,Walmart,,,,,
5/8/2023,Multivitamin,Vitamin,151,50.89," ? 7,684.39 ",0.09,3,Canada,iHerb,,,,,
5/8/2023,Pre-Workout,Performance,136,12.17," ? 1,655.12 ",0.09,1,Canada,iHerb,,,,,
5/8/2023,BCAA,Amino Acid,162,31.84," ? 5,158.08 ",0.16,0,Canada,iHerb,,,,,
5/8/2023,Creatine,Performance,137,42.07," ? 5,763.59 ",0.19,1,UK,Amazon,,,,,
5/8/2023,Zinc,Mineral,158,58.17," ? 9,190.86 ",0.05,2,USA,Walmart,,,,,
5/8/2023,Collagen Peptides,Protein,138,27.31," ? 3,768.78 ",0.13,0,Canada,Walmart,,,,,
5/8/2023,Magnesium,Mineral,122,26.79," ? 3,268.38 ",0.05,1,Canada,Walmart,,,,,
5/8/2023,Ashwagandha,Herbal,153,31.16," ? 4,767.48 ",0.23,1,Canada,iHerb,,,,,
5/8/2023,Melatonin,Sleep Aid,153,46.66," ? 7,138.98 ",0.14,1,UK,Walmart,,,,,
5/8/2023,Biotin,Vitamin,135,34.46," ? 4,652.10 ",0.02,1,USA,Walmart,,,,,
5/8/2023,Green Tea Extract,Fat Burner,150,13.81," ? 2,071.50 ",0.09,3,Canada,Amazon,,,,,
5/8/2023,Iron Supplement,Mineral,155,52.27," ? 8,101.85 ",0.12,1,USA,Walmart,,,,,
5/8/2023,Electrolyte Powder,Hydration,145,26.28," ? 3,810.60 ",0.01,0,USA,Amazon,,,,,
5/15/2023,Whey Protein,Protein,146,53.57," ? 7,821.22 ",0.13,1,Canada,Walmart,,,,,
5/15/2023,Vitamin C,Vitamin,135,42.17," ? 5,692.95 ",0.06,0,USA,iHerb,,,,,
5/15/2023,Fish Oil,Omega,155,45.92," ? 7,117.60 ",0.09,2,UK,Amazon,,,,,
5/15/2023,Multivitamin,Vitamin,159,31.16," ? 4,954.44 ",0.15,1,USA,Walmart,,,,,
5/15/2023,Pre-Workout,Performance,173,14.2," ? 2,456.60 ",0.22,1,USA,iHerb,,,,,
5/15/2023,BCAA,Amino Acid,140,38.86," ? 5,440.40 ",0.14,1,Canada,iHerb,,,,,
5/15/2023,Creatine,Performance,158,49.1," ? 7,757.80 ",0.04,2,Canada,Amazon,,,,,
5/15/2023,Zinc,Mineral,156,34.08," ? 5,316.48 ",0.17,0,UK,Amazon,,,,,
5/15/2023,Collagen Peptides,Protein,165,17.44," ? 2,877.60 ",0.14,2,UK,Amazon,,,,,
5/15/2023,Magnesium,Mineral,149,26.42," ? 3,936.58 ",0.12,3,UK,Amazon,,,,,
5/15/2023,Ashwagandha,Herbal,141,24.88," ? 3,508.08 ",0.11,1,USA,iHerb,,,,,
5/15/2023,Melatonin,Sleep Aid,145,48.13," ? 6,978.85 ",0.18,2,USA,Amazon,,,,,
5/15/2023,Biotin,Vitamin,114,49.47," ? 5,639.58 ",0.13,1,USA,iHerb,,,,,
5/15/2023,Green Tea Extract,Fat Burner,123,41.92," ? 5,156.16 ",0.21,3,Canada,iHerb,,,,,
5/15/2023,Iron Supplement,Mineral,150,51.65," ? 7,747.50 ",0.13,1,UK,iHerb,,,,,
5/15/2023,Electrolyte Powder,Hydration,169,55.45," ? 9,371.05 ",0.05,2,UK,Amazon,,,,,
5/22/2023,Whey Protein,Protein,164,49.73," ? 8,155.72 ",0.05,3,USA,Walmart,,,,,
5/22/2023,Vitamin C,Vitamin,154,33.67," ? 5,185.18 ",0.17,2,USA,Amazon,,,,,
5/22/2023,Fish Oil,Omega,147,35.96," ? 5,286.12 ",0.13,0,UK,Amazon,,,,,
5/22/2023,Multivitamin,Vitamin,171,36.42," ? 6,227.82 ",0.2,1,UK,Amazon,,,,,
5/22/2023,Pre-Workout,Performance,151,47.98," ? 7,244.98 ",0.14,3,Canada,Amazon,,,,,
5/22/2023,BCAA,Amino Acid,168,46.27," ? 7,773.36 ",0.14,1,UK,Walmart,,,,,
5/22/2023,Creatine,Performance,155,30.83," ? 4,778.65 ",0.08,1,Canada,Amazon,,,,,
5/22/2023,Zinc,Mineral,148,34.92," ? 5,168.16 ",0.12,2,UK,iHerb,,,,,
5/22/2023,Collagen Peptides,Protein,145,53.91," ? 7,816.95 ",0.24,2,USA,Walmart,,,,,
5/22/2023,Magnesium,Mineral,158,17.36," ? 2,742.88 ",0.04,0,USA,Walmart,,,,,
5/22/2023,Ashwagandha,Herbal,151,51.41," ? 7,762.91 ",0.2,3,USA,iHerb,,,,,
5/22/2023,Melatonin,Sleep Aid,127,44.34," ? 5,631.18 ",0.23,1,UK,Amazon,,,,,
5/22/2023,Biotin,Vitamin,153,26.6," ? 4,069.80 ",0.02,1,USA,Amazon,,,,,
5/22/2023,Green Tea Extract,Fat Burner,163,36.37," ? 5,928.31 ",0.05,0,UK,Walmart,,,,,
5/22/2023,Iron Supplement,Mineral,150,39.37," ? 5,905.50 ",0.01,0,UK,Walmart,,,,,
5/22/2023,Electrolyte Powder,Hydration,152,11.45," ? 1,740.40 ",0.14,3,Canada,Walmart,,,,,
5/29/2023,Whey Protein,Protein,158,39.62," ? 6,259.96 ",0.17,0,USA,iHerb,,,,,
5/29/2023,Vitamin C,Vitamin,165,47.25," ? 7,796.25 ",0.16,2,USA,iHerb,,,,,
5/29/2023,Fish Oil,Omega,162,26.39," ? 4,275.18 ",0.09,3,UK,iHerb,,,,,
5/29/2023,Multivitamin,Vitamin,179,59.7," ? 10,686.30 ",0.17,0,UK,iHerb,,,,,
5/29/2023,Pre-Workout,Performance,163,32.3," ? 5,264.90 ",0.08,1,Canada,Walmart,,,,,
5/29/2023,BCAA,Amino Acid,148,41.67," ? 6,167.16 ",0.2,1,USA,iHerb,,,,,
5/29/2023,Creatine,Performance,139,43.52," ? 6,049.28 ",0.23,0,Canada,Walmart,,,,,
5/29/2023,Zinc,Mineral,165,41.07," ? 6,776.55 ",0.02,1,Canada,iHerb,,,,,
5/29/2023,Collagen Peptides,Protein,139,35.2," ? 4,892.80 ",0.2,2,USA,Amazon,,,,,
5/29/2023,Magnesium,Mineral,153,31.37," ? 4,799.61 ",0.24,2,Canada,Amazon,,,,,
5/29/2023,Ashwagandha,Herbal,141,40.57," ? 5,720.37 ",0.13,0,UK,Amazon,,,,,
5/29/2023,Melatonin,Sleep Aid,163,43.09," ? 7,023.67 ",0.02,1,Canada,Walmart,,,,,
5/29/2023,Biotin,Vitamin,174,24.28," ? 4,224.72 ",0.04,1,USA,iHerb,,,,,
5/29/2023,Green Tea Extract,Fat Burner,145,58.32," ? 8,456.40 ",0.09,0,UK,iHerb,,,,,
5/29/2023,Iron Supplement,Mineral,168,57.64," ? 9,683.52 ",0.17,4,USA,Amazon,,,,,
5/29/2023,Electrolyte Powder,Hydration,138,34.41," ? 4,748.58 ",0.11,1,Canada,iHerb,,,,,
6/5/2023,Whey Protein,Protein,156,46.72," ? 7,288.32 ",0.18,1,Canada,Amazon,,,,,
6/5/2023,Vitamin C,Vitamin,172,23.37," ? 4,019.64 ",0.02,3,Canada,Walmart,,,,,
6/5/2023,Fish Oil,Omega,154,18.19," ? 2,801.26 ",0.01,0,Canada,Walmart,,,,,
6/5/2023,Multivitamin,Vitamin,148,22.95," ? 3,396.60 ",0.22,1,Canada,Walmart,,,,,
6/5/2023,Pre-Workout,Performance,158,28.26," ? 4,465.08 ",0.12,0,USA,iHerb,,,,,
6/5/2023,BCAA,Amino Acid,133,56.97," ? 7,577.01 ",0.02,1,Canada,Walmart,,,,,
6/5/2023,Creatine,Performance,181,42.18," ? 7,634.58 ",0.24,5,USA,Amazon,,,,,
6/5/2023,Zinc,Mineral,149,20.1," ? 2,994.90 ",0.22,3,UK,Amazon,,,,,
6/5/2023,Collagen Peptides,Protein,154,47," ? 7,238.00 ",0.17,3,Canada,Walmart,,,,,
6/5/2023,Magnesium,Mineral,157,21.85," ? 3,430.45 ",0.19,1,USA,iHerb,,,,,
6/5/2023,Ashwagandha,Herbal,142,44.84," ? 6,367.28 ",0.23,0,UK,Amazon,,,,,
6/5/2023,Melatonin,Sleep Aid,155,55.18," ? 8,552.90 ",0.02,2,Canada,Walmart,,,,,
6/5/2023,Biotin,Vitamin,161,57.71," ? 9,291.31 ",0.21,1,UK,Walmart,,,,,
6/5/2023,Green Tea Extract,Fat Burner,142,58.36," ? 8,287.12 ",0.02,1,Canada,Amazon,,,,,
6/5/2023,Iron Supplement,Mineral,152,28.87," ? 4,388.24 ",0.08,1,UK,iHerb,,,,,
6/5/2023,Electrolyte Powder,Hydration,156,16.84," ? 2,627.04 ",0.2,2,Canada,iHerb,,,,,
6/12/2023,Whey Protein,Protein,167,54.69," ? 9,133.23 ",0.22,1,UK,Walmart,,,,,
6/12/2023,Vitamin C,Vitamin,146,45.76," ? 6,680.96 ",0.23,2,Canada,Amazon,,,,,
6/12/2023,Fish Oil,Omega,154,24.57," ? 3,783.78 ",0.24,1,USA,Amazon,,,,,
6/12/2023,Multivitamin,Vitamin,131,46.7," ? 6,117.70 ",0.07,1,UK,Walmart,,,,,
6/12/2023,Pre-Workout,Performance,149,49.47," ? 7,371.03 ",0.08,3,USA,Amazon,,,,,
6/12/2023,BCAA,Amino Acid,162,26.24," ? 4,250.88 ",0.13,1,Canada,Amazon,,,,,
6/12/2023,Creatine,Performance,144,34.18," ? 4,921.92 ",0.21,0,Canada,Amazon,,,,,
6/12/2023,Zinc,Mineral,153,36.16," ? 5,532.48 ",0.05,2,UK,iHerb,,,,,
6/12/2023,Collagen Peptides,Protein,129,38.54," ? 4,971.66 ",0.23,1,UK,Walmart,,,,,
6/12/2023,Magnesium,Mineral,134,14.57," ? 1,952.38 ",0.05,0,USA,iHerb,,,,,
6/12/2023,Ashwagandha,Herbal,150,33.47," ? 5,020.50 ",0.23,2,Canada,iHerb,,,,,
6/12/2023,Melatonin,Sleep Aid,128,43.68," ? 5,591.04 ",0.22,0,USA,Amazon,,,,,
6/12/2023,Biotin,Vitamin,162,37.3," ? 6,042.60 ",0.24,2,UK,iHerb,,,,,
6/12/2023,Green Tea Extract,Fat Burner,165,37.72," ? 6,223.80 ",0.15,1,Canada,Walmart,,,,,
6/12/2023,Iron Supplement,Mineral,152,17.17," ? 2,609.84 ",0.09,2,USA,iHerb,,,,,
6/12/2023,Electrolyte Powder,Hydration,170,42.14," ? 7,163.80 ",0.03,3,UK,iHerb,,,,,
6/19/2023,Whey Protein,Protein,152,49.72," ? 7,557.44 ",0.06,1,USA,Amazon,,,,,
6/19/2023,Vitamin C,Vitamin,182,44.15," ? 8,035.30 ",0.24,1,USA,Amazon,,,,,
6/19/2023,Fish Oil,Omega,159,26.7," ? 4,245.30 ",0.01,3,Canada,Amazon,,,,,
6/19/2023,Multivitamin,Vitamin,164,27.63," ? 4,531.32 ",0.02,2,Canada,Amazon,,,,,
6/19/2023,Pre-Workout,Performance,158,46.53," ? 7,351.74 ",0.21,2,Canada,iHerb,,,,,
6/19/2023,BCAA,Amino Acid,155,55.11," ? 8,542.05 ",0.16,1,USA,Amazon,,,,,
6/19/2023,Creatine,Performance,129,37.19," ? 4,797.51 ",0.07,0,Canada,iHerb,,,,,
6/19/2023,Zinc,Mineral,151,50.02," ? 7,553.02 ",0.12,2,USA,Walmart,,,,,
6/19/2023,Collagen Peptides,Protein,135,30.5," ? 4,117.50 ",0.2,2,Canada,Walmart,,,,,
6/19/2023,Magnesium,Mineral,139,22.17," ? 3,081.63 ",0.25,4,USA,Amazon,,,,,
6/19/2023,Ashwagandha,Herbal,152,50.07," ? 7,610.64 ",0.18,2,UK,iHerb,,,,,
6/19/2023,Melatonin,Sleep Aid,155,43.49," ? 6,740.95 ",0.18,1,Canada,Amazon,,,,,
6/19/2023,Biotin,Vitamin,145,35.29," ? 5,117.05 ",0.11,6,USA,Amazon,,,,,
6/19/2023,Green Tea Extract,Fat Burner,154,26.7," ? 4,111.80 ",0.21,2,Canada,Amazon,,,,,
6/19/2023,Iron Supplement,Mineral,157,37.43," ? 5,876.51 ",0.16,2,UK,Walmart,,,,,
6/19/2023,Electrolyte Powder,Hydration,170,58.55," ? 9,953.50 ",0.17,5,UK,iHerb,,,,,
6/26/2023,Whey Protein,Protein,163,31.37," ? 5,113.31 ",0.06,0,Canada,iHerb,,,,,
6/26/2023,Vitamin C,Vitamin,138,45.99," ? 6,346.62 ",0.11,1,UK,Amazon,,,,,
6/26/2023,Fish Oil,Omega,160,58.76," ? 9,401.60 ",0.16,1,Canada,Walmart,,,,,
6/26/2023,Multivitamin,Vitamin,143,20.65," ? 2,952.95 ",0.1,5,USA,iHerb,,,,,
6/26/2023,Pre-Workout,Performance,138,27.62," ? 3,811.56 ",0.11,0,UK,Walmart,,,,,
6/26/2023,BCAA,Amino Acid,147,36.65," ? 5,387.55 ",0.02,2,UK,Amazon,,,,,
6/26/2023,Creatine,Performance,152,30.93," ? 4,701.36 ",0.1,0,USA,Amazon,,,,,
6/26/2023,Zinc,Mineral,151,33.41," ? 5,044.91 ",0.19,3,USA,Amazon,,,,,
6/26/2023,Collagen Peptides,Protein,159,41.1," ? 6,534.90 ",0.02,2,Canada,Walmart,,,,,
6/26/2023,Magnesium,Mineral,146,53.1," ? 7,752.60 ",0.15,1,Canada,Walmart,,,,,
6/26/2023,Ashwagandha,Herbal,172,58.58," ? 10,075.76 ",0.03,2,UK,Amazon,,,,,
6/26/2023,Melatonin,Sleep Aid,162,14.55," ? 2,357.10 ",0.15,2,Canada,Walmart,,,,,
6/26/2023,Biotin,Vitamin,158,48.54," ? 7,669.32 ",0.17,1,UK,Amazon,,,,,
6/26/2023,Green Tea Extract,Fat Burner,147,57.67," ? 8,477.49 ",0.02,1,Canada,Walmart,,,,,
6/26/2023,Iron Supplement,Mineral,143,35.29," ? 5,046.47 ",0.15,0,UK,Walmart,,,,,
6/26/2023,Electrolyte Powder,Hydration,161,58.28," ? 9,383.08 ",0.05,2,USA,Amazon,,,,,
7/3/2023,Whey Protein,Protein,147,38.28," ? 5,627.16 ",0.2,0,Canada,Amazon,,,,,
7/3/2023,Vitamin C,Vitamin,159,29.45," ? 4,682.55 ",0.19,1,Canada,Walmart,,,,,
7/3/2023,Fish Oil,Omega,168,24.62," ? 4,136.16 ",0.14,1,USA,Amazon,,,,,
7/3/2023,Multivitamin,Vitamin,147,52.82," ? 7,764.54 ",0.13,1,USA,Amazon,,,,,
7/3/2023,Pre-Workout,Performance,140,35.79," ? 5,010.60 ",0.19,0,USA,iHerb,,,,,
7/3/2023,BCAA,Amino Acid,139,28.02," ? 3,894.78 ",0.1,2,Canada,Walmart,,,,,
7/3/2023,Creatine,Performance,144,41.2," ? 5,932.80 ",0.06,2,USA,Amazon,,,,,
7/3/2023,Zinc,Mineral,152,50.49," ? 7,674.48 ",0.06,3,Canada,Amazon,,,,,
7/3/2023,Collagen Peptides,Protein,152,53.75," ? 8,170.00 ",0.2,2,Canada,Walmart,,,,,
7/3/2023,Magnesium,Mineral,160,37.37," ? 5,979.20 ",0.02,0,USA,iHerb,,,,,
7/3/2023,Ashwagandha,Herbal,163,18.47," ? 3,010.61 ",0.2,0,Canada,Amazon,,,,,
7/3/2023,Melatonin,Sleep Aid,142,39.77," ? 5,647.34 ",0.19,1,UK,Walmart,,,,,
7/3/2023,Biotin,Vitamin,150,34.93," ? 5,239.50 ",0.15,3,Canada,iHerb,,,,,
7/3/2023,Green Tea Extract,Fat Burner,146,10.18," ? 1,486.28 ",0.15,0,UK,Amazon,,,,,
7/3/2023,Iron Supplement,Mineral,150,37.5," ? 5,625.00 ",0.07,2,UK,Amazon,,,,,
7/3/2023,Electrolyte Powder,Hydration,141,40.51," ? 5,711.91 ",0.04,3,Canada,iHerb,,,,,
7/10/2023,Whey Protein,Protein,138,46.62," ? 6,433.56 ",0.17,2,Canada,iHerb,,,,,
7/10/2023,Vitamin C,Vitamin,141,42.96," ? 6,057.36 ",0.11,2,Canada,Amazon,,,,,
7/10/2023,Fish Oil,Omega,155,49.05," ? 7,602.75 ",0.18,2,Canada,iHerb,,,,,
7/10/2023,Multivitamin,Vitamin,136,29.66," ? 4,033.76 ",0.07,0,UK,Amazon,,,,,
7/10/2023,Pre-Workout,Performance,162,38.27," ? 6,199.74 ",0.06,3,UK,iHerb,,,,,
7/10/2023,BCAA,Amino Acid,138,58.33," ? 8,049.54 ",0.18,5,UK,Amazon,,,,,
7/10/2023,Creatine,Performance,155,20.19," ? 3,129.45 ",0.08,0,UK,Walmart,,,,,
7/10/2023,Zinc,Mineral,157,50.76," ? 7,969.32 ",0.09,1,UK,Walmart,,,,,
7/10/2023,Collagen Peptides,Protein,185,46.06," ? 8,521.10 ",0.19,1,Canada,iHerb,,,,,
7/10/2023,Magnesium,Mineral,150,48.6," ? 7,290.00 ",0.16,1,UK,iHerb,,,,,
7/10/2023,Ashwagandha,Herbal,161,47.68," ? 7,676.48 ",0.22,3,UK,iHerb,,,,,
7/10/2023,Melatonin,Sleep Aid,161,59.09," ? 9,513.49 ",0.09,2,UK,Amazon,,,,,
7/10/2023,Biotin,Vitamin,157,13.29," ? 2,086.53 ",0.19,2,USA,Walmart,,,,,
7/10/2023,Green Tea Extract,Fat Burner,156,34.48," ? 5,378.88 ",0.03,1,USA,iHerb,,,,,
7/10/2023,Iron Supplement,Mineral,140,18.13," ? 2,538.20 ",0.06,0,UK,Amazon,,,,,
7/10/2023,Electrolyte Powder,Hydration,171,29.84," ? 5,102.64 ",0.13,2,UK,iHerb,,,,,
7/17/2023,Whey Protein,Protein,171,24.78," ? 4,237.38 ",0.24,1,USA,Amazon,,,,,
7/17/2023,Vitamin C,Vitamin,142,59.79," ? 8,490.18 ",0.15,0,Canada,Amazon,,,,,
7/17/2023,Fish Oil,Omega,129,30.31," ? 3,909.99 ",0.15,1,Canada,Amazon,,,,,
7/17/2023,Multivitamin,Vitamin,173,44.69," ? 7,731.37 ",0.22,0,USA,iHerb,,,,,
7/17/2023,Pre-Workout,Performance,140,16.98," ? 2,377.20 ",0.13,1,UK,iHerb,,,,,
7/17/2023,BCAA,Amino Acid,147,17.84," ? 2,622.48 ",0.14,0,Canada,Walmart,,,,,
7/17/2023,Creatine,Performance,143,57.33," ? 8,198.19 ",0.1,0,UK,iHerb,,,,,
7/17/2023,Zinc,Mineral,146,21.5," ? 3,139.00 ",0.15,0,UK,Amazon,,,,,
7/17/2023,Collagen Peptides,Protein,149,31.09," ? 4,632.41 ",0,5,UK,Amazon,,,,,
7/17/2023,Magnesium,Mineral,145,26.28," ? 3,810.60 ",0.12,1,Canada,Amazon,,,,,
7/17/2023,Ashwagandha,Herbal,144,28," ? 4,032.00 ",0.22,2,Canada,iHerb,,,,,
7/17/2023,Melatonin,Sleep Aid,135,54.61," ? 7,372.35 ",0.18,0,USA,Walmart,,,,,
7/17/2023,Biotin,Vitamin,166,32.7," ? 5,428.20 ",0.13,3,UK,iHerb,,,,,
7/17/2023,Green Tea Extract,Fat Burner,124,35.75," ? 4,433.00 ",0.12,1,USA,Amazon,,,,,
7/17/2023,Iron Supplement,Mineral,149,22.03," ? 3,282.47 ",0.07,3,USA,Walmart,,,,,
7/17/2023,Electrolyte Powder,Hydration,128,44.09," ? 5,643.52 ",0.13,2,Canada,Walmart,,,,,
7/24/2023,Whey Protein,Protein,137,17," ? 2,329.00 ",0.1,0,Canada,Walmart,,,,,
7/24/2023,Vitamin C,Vitamin,152,57.06," ? 8,673.12 ",0.18,1,USA,Walmart,,,,,
7/24/2023,Fish Oil,Omega,173,38.06," ? 6,584.38 ",0.15,1,UK,Walmart,,,,,
7/24/2023,Multivitamin,Vitamin,164,37.74," ? 6,189.36 ",0.18,3,Canada,Walmart,,,,,
7/24/2023,Pre-Workout,Performance,167,42.16," ? 7,040.72 ",0.1,1,USA,iHerb,,,,,
7/24/2023,BCAA,Amino Acid,169,54.77," ? 9,256.13 ",0.03,3,USA,Amazon,,,,,
7/24/2023,Creatine,Performance,177,35.93," ? 6,359.61 ",0.19,2,USA,iHerb,,,,,
7/24/2023,Zinc,Mineral,158,34.71," ? 5,484.18 ",0.21,2,UK,iHerb,,,,,
7/24/2023,Collagen Peptides,Protein,147,29.67," ? 4,361.49 ",0.18,3,Canada,Walmart,,,,,
7/24/2023,Magnesium,Mineral,141,17.7," ? 2,495.70 ",0.17,4,UK,Amazon,,,,,
7/24/2023,Ashwagandha,Herbal,155,37.67," ? 5,838.85 ",0.02,2,Canada,iHerb,,,,,
7/24/2023,Melatonin,Sleep Aid,154,54.94," ? 8,460.76 ",0.2,2,Canada,Amazon,,,,,
7/24/2023,Biotin,Vitamin,153,32.96," ? 5,042.88 ",0.2,0,Canada,Amazon,,,,,
7/24/2023,Green Tea Extract,Fat Burner,124,46.55," ? 5,772.20 ",0.13,1,USA,iHerb,,,,,
7/24/2023,Iron Supplement,Mineral,132,26.05," ? 3,438.60 ",0.07,2,USA,Walmart,,,,,
7/24/2023,Electrolyte Powder,Hydration,152,42.07," ? 6,394.64 ",0.07,2,Canada,iHerb,,,,,
7/31/2023,Whey Protein,Protein,140,49.12," ? 6,876.80 ",0.18,0,USA,Walmart,,,,,
7/31/2023,Vitamin C,Vitamin,133,48.83," ? 6,494.39 ",0.08,2,UK,Amazon,,,,,
7/31/2023,Fish Oil,Omega,133,10.94," ? 1,455.02 ",0.1,0,Canada,iHerb,,,,,
7/31/2023,Multivitamin,Vitamin,149,32.22," ? 4,800.78 ",0.01,1,Canada,iHerb,,,,,
7/31/2023,Pre-Workout,Performance,160,45.76," ? 7,321.60 ",0.09,1,UK,Walmart,,,,,
7/31/2023,BCAA,Amino Acid,152,15.44," ? 2,346.88 ",0.01,2,USA,iHerb,,,,,
7/31/2023,Creatine,Performance,149,42.25," ? 6,295.25 ",0.14,2,Canada,Amazon,,,,,
7/31/2023,Zinc,Mineral,166,34.84," ? 5,783.44 ",0.12,2,USA,Walmart,,,,,
7/31/2023,Collagen Peptides,Protein,148,10.82," ? 1,601.36 ",0.04,1,UK,Walmart,,,,,
7/31/2023,Magnesium,Mineral,163,36.13," ? 5,889.19 ",0.09,0,USA,Walmart,,,,,
7/31/2023,Ashwagandha,Herbal,129,27.38," ? 3,532.02 ",0.25,1,UK,iHerb,,,,,
7/31/2023,Melatonin,Sleep Aid,140,51.76," ? 7,246.40 ",0.05,2,UK,Walmart,,,,,
7/31/2023,Biotin,Vitamin,129,34.54," ? 4,455.66 ",0.11,4,UK,iHerb,,,,,
7/31/2023,Green Tea Extract,Fat Burner,134,36.46," ? 4,885.64 ",0.13,1,Canada,Amazon,,,,,
7/31/2023,Iron Supplement,Mineral,158,38.51," ? 6,084.58 ",0.14,2,USA,iHerb,,,,,
7/31/2023,Electrolyte Powder,Hydration,130,24.04," ? 3,125.20 ",0.13,2,Canada,Amazon,,,,,
8/7/2023,Whey Protein,Protein,158,39.56," ? 6,250.48 ",0.24,0,USA,Walmart,,,,,
8/7/2023,Vitamin C,Vitamin,165,48.7," ? 8,035.50 ",0.07,1,Canada,Amazon,,,,,
8/7/2023,Fish Oil,Omega,169,13.15," ? 2,222.35 ",0.15,0,UK,Amazon,,,,,
8/7/2023,Multivitamin,Vitamin,162,53.74," ? 8,705.88 ",0.2,0,UK,Walmart,,,,,
8/7/2023,Pre-Workout,Performance,146,30.87," ? 4,507.02 ",0.24,2,Canada,iHerb,,,,,
8/7/2023,BCAA,Amino Acid,131,46.72," ? 6,120.32 ",0.22,1,USA,Amazon,,,,,
8/7/2023,Creatine,Performance,142,27.14," ? 3,853.88 ",0.08,1,UK,iHerb,,,,,
8/7/2023,Zinc,Mineral,154,25.35," ? 3,903.90 ",0.05,3,UK,Amazon,,,,,
8/7/2023,Collagen Peptides,Protein,136,37.07," ? 5,041.52 ",0.15,1,USA,Amazon,,,,,
8/7/2023,Magnesium,Mineral,153,33.98," ? 5,198.94 ",0.16,1,UK,iHerb,,,,,
8/7/2023,Ashwagandha,Herbal,156,26.68," ? 4,162.08 ",0.08,1,UK,Amazon,,,,,
8/7/2023,Melatonin,Sleep Aid,164,12.3," ? 2,017.20 ",0.25,1,USA,iHerb,,,,,
8/7/2023,Biotin,Vitamin,134,46.93," ? 6,288.62 ",0.07,1,Canada,iHerb,,,,,
8/7/2023,Green Tea Extract,Fat Burner,147,26.51," ? 3,896.97 ",0.18,2,Canada,Walmart,,,,,
8/7/2023,Iron Supplement,Mineral,133,42.04," ? 5,591.32 ",0.2,1,USA,Amazon,,,,,
8/7/2023,Electrolyte Powder,Hydration,153,25.57," ? 3,912.21 ",0.01,2,UK,Amazon,,,,,
8/14/2023,Whey Protein,Protein,146,45.42," ? 6,631.32 ",0.21,1,Canada,Walmart,,,,,
8/14/2023,Vitamin C,Vitamin,158,10.66," ? 1,684.28 ",0.09,2,USA,Amazon,,,,,
8/14/2023,Fish Oil,Omega,129,31.45," ? 4,057.05 ",0,0,Canada,Amazon,,,,,
8/14/2023,Multivitamin,Vitamin,142,41.58," ? 5,904.36 ",0.06,1,USA,Amazon,,,,,
8/14/2023,Pre-Workout,Performance,168,29.61," ? 4,974.48 ",0.18,3,USA,Amazon,,,,,
8/14/2023,BCAA,Amino Acid,154,48.62," ? 7,487.48 ",0.24,4,Canada,iHerb,,,,,
8/14/2023,Creatine,Performance,141,57.87," ? 8,159.67 ",0.11,0,UK,Amazon,,,,,
8/14/2023,Zinc,Mineral,158,23.36," ? 3,690.88 ",0.22,0,USA,Amazon,,,,,
8/14/2023,Collagen Peptides,Protein,126,40.35," ? 5,084.10 ",0.03,1,UK,Amazon,,,,,
8/14/2023,Magnesium,Mineral,154,21.49," ? 3,309.46 ",0.2,1,Canada,Amazon,,,,,
8/14/2023,Ashwagandha,Herbal,156,15.73," ? 2,453.88 ",0.18,1,Canada,Walmart,,,,,
8/14/2023,Melatonin,Sleep Aid,137,42.66," ? 5,844.42 ",0.06,0,USA,iHerb,,,,,
8/14/2023,Biotin,Vitamin,147,12.68," ? 1,863.96 ",0.11,2,UK,iHerb,,,,,
8/14/2023,Green Tea Extract,Fat Burner,158,10.48," ? 1,655.84 ",0.24,1,Canada,Amazon,,,,,
8/14/2023,Iron Supplement,Mineral,149,27.79," ? 4,140.71 ",0.21,2,USA,Amazon,,,,,
8/14/2023,Electrolyte Powder,Hydration,149,59.83," ? 8,914.67 ",0.14,2,Canada,Amazon,,,,,
8/21/2023,Whey Protein,Protein,147,57.13," ? 8,398.11 ",0.04,1,Canada,Walmart,,,,,
8/21/2023,Vitamin C,Vitamin,135,13.1," ? 1,768.50 ",0.02,1,USA,iHerb,,,,,
8/21/2023,Fish Oil,Omega,150,12.24," ? 1,836.00 ",0.24,4,Canada,Amazon,,,,,
8/21/2023,Multivitamin,Vitamin,142,38.93," ? 5,528.06 ",0.06,1,Canada,iHerb,,,,,
8/21/2023,Pre-Workout,Performance,150,24.56," ? 3,684.00 ",0.2,1,Canada,Amazon,,,,,
8/21/2023,BCAA,Amino Acid,156,36.68," ? 5,722.08 ",0.08,1,UK,iHerb,,,,,
8/21/2023,Creatine,Performance,161,27.71," ? 4,461.31 ",0.17,4,USA,Walmart,,,,,
8/21/2023,Zinc,Mineral,154,43.99," ? 6,774.46 ",0.03,3,Canada,Amazon,,,,,
8/21/2023,Collagen Peptides,Protein,151,12.85," ? 1,940.35 ",0.1,3,Canada,Amazon,,,,,
8/21/2023,Magnesium,Mineral,173,31.41," ? 5,433.93 ",0.14,1,UK,Walmart,,,,,
8/21/2023,Ashwagandha,Herbal,136,40.49," ? 5,506.64 ",0.23,0,UK,Walmart,,,,,
8/21/2023,Melatonin,Sleep Aid,139,50.44," ? 7,011.16 ",0.07,3,USA,iHerb,,,,,
8/21/2023,Biotin,Vitamin,152,28.38," ? 4,313.76 ",0.2,0,UK,Walmart,,,,,
8/21/2023,Green Tea Extract,Fat Burner,122,52.68," ? 6,426.96 ",0.19,1,UK,iHerb,,,,,
8/21/2023,Iron Supplement,Mineral,152,52.03," ? 7,908.56 ",0.2,2,UK,iHerb,,,,,
8/21/2023,Electrolyte Powder,Hydration,149,53.95," ? 8,038.55 ",0.16,1,Canada,Amazon,,,,,
8/28/2023,Whey Protein,Protein,154,29.71," ? 4,575.34 ",0.08,1,USA,Walmart,,,,,
8/28/2023,Vitamin C,Vitamin,153,23.18," ? 3,546.54 ",0.19,1,Canada,Walmart,,,,,
8/28/2023,Fish Oil,Omega,127,54.25," ? 6,889.75 ",0.19,1,UK,Amazon,,,,,
8/28/2023,Multivitamin,Vitamin,174,58.06," ? 10,102.44 ",0.06,0,USA,Amazon,,,,,
8/28/2023,Pre-Workout,Performance,148,36.95," ? 5,468.60 ",0.2,3,Canada,Amazon,,,,,
8/28/2023,BCAA,Amino Acid,146,17.41," ? 2,541.86 ",0.01,2,USA,iHerb,,,,,
8/28/2023,Creatine,Performance,126,36.95," ? 4,655.70 ",0.05,1,Canada,iHerb,,,,,
8/28/2023,Zinc,Mineral,137,49.98," ? 6,847.26 ",0.12,0,USA,Amazon,,,,,
8/28/2023,Collagen Peptides,Protein,158,46.93," ? 7,414.94 ",0.12,1,UK,iHerb,,,,,
8/28/2023,Magnesium,Mineral,165,11.65," ? 1,922.25 ",0.07,3,USA,Amazon,,,,,
8/28/2023,Ashwagandha,Herbal,158,48.03," ? 7,588.74 ",0.18,2,USA,iHerb,,,,,
8/28/2023,Melatonin,Sleep Aid,163,30.12," ? 4,909.56 ",0.12,2,UK,Walmart,,,,,
8/28/2023,Biotin,Vitamin,166,27.1," ? 4,498.60 ",0.23,2,Canada,Walmart,,,,,
8/28/2023,Green Tea Extract,Fat Burner,137,59.54," ? 8,156.98 ",0.21,2,UK,Walmart,,,,,
8/28/2023,Iron Supplement,Mineral,139,36.29," ? 5,044.31 ",0.22,1,Canada,Amazon,,,,,
8/28/2023,Electrolyte Powder,Hydration,126,23.49," ? 2,959.74 ",0.18,3,Canada,Walmart,,,,,
9/4/2023,Whey Protein,Protein,157,32.65," ? 5,126.05 ",0.19,3,UK,Walmart,,,,,
9/4/2023,Vitamin C,Vitamin,158,41.29," ? 6,523.82 ",0.18,1,UK,Amazon,,,,,
9/4/2023,Fish Oil,Omega,149,46.85," ? 6,980.65 ",0.17,1,Canada,iHerb,,,,,
9/4/2023,Multivitamin,Vitamin,167,13.06," ? 2,181.02 ",0.21,2,UK,Amazon,,,,,
9/4/2023,Pre-Workout,Performance,164,11.54," ? 1,892.56 ",0.23,0,USA,Walmart,,,,,
9/4/2023,BCAA,Amino Acid,162,45.44," ? 7,361.28 ",0.03,2,UK,iHerb,,,,,
9/4/2023,Creatine,Performance,167,30.68," ? 5,123.56 ",0.11,0,UK,Walmart,,,,,
9/4/2023,Zinc,Mineral,168,59.9," ? 10,063.20 ",0.15,2,USA,Amazon,,,,,
9/4/2023,Collagen Peptides,Protein,138,42.49," ? 5,863.62 ",0.23,2,Canada,iHerb,,,,,
9/4/2023,Magnesium,Mineral,174,53.43," ? 9,296.82 ",0.02,3,USA,Walmart,,,,,
9/4/2023,Ashwagandha,Herbal,154,12.83," ? 1,975.82 ",0.17,1,UK,Amazon,,,,,
9/4/2023,Melatonin,Sleep Aid,149,55.59," ? 8,282.91 ",0.21,1,USA,Walmart,,,,,
9/4/2023,Biotin,Vitamin,146,28.62," ? 4,178.52 ",0.03,4,UK,Amazon,,,,,
9/4/2023,Green Tea Extract,Fat Burner,153,27.64," ? 4,228.92 ",0.14,1,Canada,Walmart,,,,,
9/4/2023,Iron Supplement,Mineral,142,13.82," ? 1,962.44 ",0.15,0,Canada,Amazon,,,,,
9/4/2023,Electrolyte Powder,Hydration,119,41.14," ? 4,895.66 ",0.03,1,UK,Amazon,,,,,
9/11/2023,Whey Protein,Protein,147,35.3," ? 5,189.10 ",0.02,0,USA,iHerb,,,,,
9/11/2023,Vitamin C,Vitamin,151,14.77," ? 2,230.27 ",0.11,3,UK,Walmart,,,,,
9/11/2023,Fish Oil,Omega,158,53.6," ? 8,468.80 ",0.24,2,Canada,iHerb,,,,,
9/11/2023,Multivitamin,Vitamin,154,19.08," ? 2,938.32 ",0.17,5,USA,iHerb,,,,,
9/11/2023,Pre-Workout,Performance,149,34.75," ? 5,177.75 ",0.11,1,USA,Walmart,,,,,
9/11/2023,BCAA,Amino Acid,150,47.44," ? 7,116.00 ",0.22,3,UK,Walmart,,,,,
9/11/2023,Creatine,Performance,144,46.34," ? 6,672.96 ",0.08,0,Canada,Amazon,,,,,
9/11/2023,Zinc,Mineral,145,26.35," ? 3,820.75 ",0.16,2,UK,iHerb,,,,,
9/11/2023,Collagen Peptides,Protein,148,25.95," ? 3,840.60 ",0.11,2,USA,Amazon,,,,,
9/11/2023,Magnesium,Mineral,161,46.59," ? 7,500.99 ",0.2,3,USA,iHerb,,,,,
9/11/2023,Ashwagandha,Herbal,157,59.18," ? 9,291.26 ",0.14,0,UK,Amazon,,,,,
9/11/2023,Melatonin,Sleep Aid,142,56.24," ? 7,986.08 ",0.04,0,UK,iHerb,,,,,
9/11/2023,Biotin,Vitamin,142,43.01," ? 6,107.42 ",0.08,3,Canada,Walmart,,,,,
9/11/2023,Green Tea Extract,Fat Burner,132,20.42," ? 2,695.44 ",0.07,0,USA,Amazon,,,,,
9/11/2023,Iron Supplement,Mineral,126,18.21," ? 2,294.46 ",0.23,1,Canada,Amazon,,,,,
9/11/2023,Electrolyte Powder,Hydration,156,22.02," ? 3,435.12 ",0.14,2,Canada,Walmart,,,,,
9/18/2023,Whey Protein,Protein,160,43.53," ? 6,964.80 ",0.11,3,Canada,Amazon,,,,,
9/18/2023,Vitamin C,Vitamin,163,26.03," ? 4,242.89 ",0.14,2,Canada,Walmart,,,,,
9/18/2023,Fish Oil,Omega,152,24.13," ? 3,667.76 ",0.05,0,UK,iHerb,,,,,
9/18/2023,Multivitamin,Vitamin,153,26.31," ? 4,025.43 ",0.15,0,USA,iHerb,,,,,
9/18/2023,Pre-Workout,Performance,131,28.4," ? 3,720.40 ",0.17,2,USA,Walmart,,,,,
9/18/2023,BCAA,Amino Acid,165,34.31," ? 5,661.15 ",0.18,3,USA,Walmart,,,,,
9/18/2023,Creatine,Performance,161,19.63," ? 3,160.43 ",0.15,2,Canada,iHerb,,,,,
9/18/2023,Zinc,Mineral,143,45.84," ? 6,555.12 ",0.07,0,UK,Amazon,,,,,
9/18/2023,Collagen Peptides,Protein,135,39.63," ? 5,350.05 ",0.09,0,USA,iHerb,,,,,
9/18/2023,Magnesium,Mineral,131,42.99," ? 5,631.69 ",0.02,1,UK,iHerb,,,,,
9/18/2023,Ashwagandha,Herbal,133,18.61," ? 2,475.13 ",0.02,2,Canada,Walmart,,,,,
9/18/2023,Melatonin,Sleep Aid,149,14.94," ? 2,226.06 ",0.04,1,USA,Walmart,,,,,
9/18/2023,Biotin,Vitamin,160,30.42," ? 4,867.20 ",0.08,0,USA,iHerb,,,,,
9/18/2023,Green Tea Extract,Fat Burner,175,49.39," ? 8,643.25 ",0.16,2,USA,iHerb,,,,,
9/18/2023,Iron Supplement,Mineral,130,17.77," ? 2,310.10 ",0.1,2,USA,Amazon,,,,,
9/18/2023,Electrolyte Powder,Hydration,161,43.58," ? 7,016.38 ",0.04,1,Canada,Walmart,,,,,
9/25/2023,Whey Protein,Protein,178,14.38," ? 2,559.64 ",0.12,3,UK,Walmart,,,,,
9/25/2023,Vitamin C,Vitamin,152,58.71," ? 8,923.92 ",0.21,0,Canada,Amazon,,,,,
9/25/2023,Fish Oil,Omega,171,28.59," ? 4,888.89 ",0.12,3,USA,Amazon,,,,,
9/25/2023,Multivitamin,Vitamin,156,57.88," ? 9,029.28 ",0.04,2,Canada,Amazon,,,,,
9/25/2023,Pre-Workout,Performance,155,18.54," ? 2,873.70 ",0.22,1,USA,iHerb,,,,,
9/25/2023,BCAA,Amino Acid,156,46.37," ? 7,233.72 ",0.12,1,UK,Walmart,,,,,
9/25/2023,Creatine,Performance,145,33.4," ? 4,843.00 ",0.05,3,UK,Amazon,,,,,
9/25/2023,Zinc,Mineral,162,59.95," ? 9,711.90 ",0.17,0,UK,iHerb,,,,,
9/25/2023,Collagen Peptides,Protein,140,48.99," ? 6,858.60 ",0.06,1,USA,iHerb,,,,,
9/25/2023,Magnesium,Mineral,143,18.59," ? 2,658.37 ",0.03,2,USA,iHerb,,,,,
9/25/2023,Ashwagandha,Herbal,161,28.19," ? 4,538.59 ",0.11,1,Canada,Amazon,,,,,
9/25/2023,Melatonin,Sleep Aid,139,37.2," ? 5,170.80 ",0.15,1,Canada,Amazon,,,,,
9/25/2023,Biotin,Vitamin,162,35.26," ? 5,712.12 ",0.21,2,USA,Walmart,,,,,
9/25/2023,Green Tea Extract,Fat Burner,141,54.45," ? 7,677.45 ",0.19,3,UK,Amazon,,,,,
9/25/2023,Iron Supplement,Mineral,126,17.23," ? 2,170.98 ",0.13,0,UK,Amazon,,,,,
9/25/2023,Electrolyte Powder,Hydration,134,41.51," ? 5,562.34 ",0.09,0,Canada,Walmart,,,,,
10/2/2023,Whey Protein,Protein,143,57.08," ? 8,162.44 ",0.08,1,UK,Walmart,,,,,
10/2/2023,Vitamin C,Vitamin,164,45.51," ? 7,463.64 ",0.16,4,Canada,iHerb,,,,,
10/2/2023,Fish Oil,Omega,163,43.12," ? 7,028.56 ",0.16,0,Canada,iHerb,,,,,
10/2/2023,Multivitamin,Vitamin,151,48.1," ? 7,263.10 ",0.13,0,USA,Amazon,,,,,
10/2/2023,Pre-Workout,Performance,159,18.26," ? 2,903.34 ",0.24,1,Canada,Walmart,,,,,
10/2/2023,BCAA,Amino Acid,148,40.16," ? 5,943.68 ",0.09,1,UK,Walmart,,,,,
10/2/2023,Creatine,Performance,163,49.9," ? 8,133.70 ",0.14,5,Canada,Walmart,,,,,
10/2/2023,Zinc,Mineral,153,12.53," ? 1,917.09 ",0.22,3,UK,iHerb,,,,,
10/2/2023,Collagen Peptides,Protein,144,34.48," ? 4,965.12 ",0.24,4,Canada,Amazon,,,,,
10/2/2023,Magnesium,Mineral,170,51.55," ? 8,763.50 ",0.18,4,UK,Amazon,,,,,
10/2/2023,Ashwagandha,Herbal,152,39.87," ? 6,060.24 ",0.17,1,USA,Walmart,,,,,
10/2/2023,Melatonin,Sleep Aid,146,28.71," ? 4,191.66 ",0.09,0,USA,Walmart,,,,,
10/2/2023,Biotin,Vitamin,175,10.06," ? 1,760.50 ",0.19,2,UK,iHerb,,,,,
10/2/2023,Green Tea Extract,Fat Burner,154,48.9," ? 7,530.60 ",0.11,0,USA,Amazon,,,,,
10/2/2023,Iron Supplement,Mineral,158,26.45," ? 4,179.10 ",0.11,0,USA,Amazon,,,,,
10/2/2023,Electrolyte Powder,Hydration,148,37.95," ? 5,616.60 ",0.17,0,UK,iHerb,,,,,
10/9/2023,Whey Protein,Protein,166,21.27," ? 3,530.82 ",0.17,1,Canada,iHerb,,,,,
10/9/2023,Vitamin C,Vitamin,150,50.29," ? 7,543.50 ",0.15,0,Canada,Walmart,,,,,
10/9/2023,Fish Oil,Omega,145,38.42," ? 5,570.90 ",0.03,1,UK,Amazon,,,,,
10/9/2023,Multivitamin,Vitamin,140,52.17," ? 7,303.80 ",0.11,1,Canada,Amazon,,,,,
10/9/2023,Pre-Workout,Performance,169,38.31," ? 6,474.39 ",0.07,2,Canada,Walmart,,,,,
10/9/2023,BCAA,Amino Acid,153,59.53," ? 9,108.09 ",0.22,2,Canada,Amazon,,,,,
10/9/2023,Creatine,Performance,151,19.24," ? 2,905.24 ",0.08,2,UK,iHerb,,,,,
10/9/2023,Zinc,Mineral,148,17.4," ? 2,575.20 ",0.13,2,UK,Walmart,,,,,
10/9/2023,Collagen Peptides,Protein,151,59.48," ? 8,981.48 ",0.03,0,Canada,Walmart,,,,,
10/9/2023,Magnesium,Mineral,134,28.63," ? 3,836.42 ",0.18,1,Canada,Amazon,,,,,
10/9/2023,Ashwagandha,Herbal,155,37.41," ? 5,798.55 ",0.13,0,UK,Amazon,,,,,
10/9/2023,Melatonin,Sleep Aid,147,33.1," ? 4,865.70 ",0.23,3,USA,iHerb,,,,,
10/9/2023,Biotin,Vitamin,163,45.86," ? 7,475.18 ",0.1,1,USA,Amazon,,,,,
10/9/2023,Green Tea Extract,Fat Burner,144,26.59," ? 3,828.96 ",0.12,4,Canada,Amazon,,,,,
10/9/2023,Iron Supplement,Mineral,143,21.44," ? 3,065.92 ",0.05,1,Canada,iHerb,,,,,
10/9/2023,Electrolyte Powder,Hydration,156,21.05," ? 3,283.80 ",0.11,1,UK,iHerb,,,,,
10/16/2023,Whey Protein,Protein,158,18.02," ? 2,847.16 ",0.22,1,Canada,Amazon,,,,,
10/16/2023,Vitamin C,Vitamin,159,58.16," ? 9,247.44 ",0.12,2,USA,iHerb,,,,,
10/16/2023,Fish Oil,Omega,144,33.17," ? 4,776.48 ",0.11,3,Canada,Amazon,,,,,
10/16/2023,Multivitamin,Vitamin,165,34.51," ? 5,694.15 ",0.09,6,UK,Amazon,,,,,
10/16/2023,Pre-Workout,Performance,132,44.08," ? 5,818.56 ",0.23,2,UK,iHerb,,,,,
10/16/2023,BCAA,Amino Acid,155,28.69," ? 4,446.95 ",0.03,3,USA,Amazon,,,,,
10/16/2023,Creatine,Performance,159,42.61," ? 6,774.99 ",0.13,0,UK,Amazon,,,,,
10/16/2023,Zinc,Mineral,144,46.25," ? 6,660.00 ",0.04,2,UK,Amazon,,,,,
10/16/2023,Collagen Peptides,Protein,157,16.76," ? 2,631.32 ",0.08,1,UK,iHerb,,,,,
10/16/2023,Magnesium,Mineral,157,51.45," ? 8,077.65 ",0.19,0,UK,Walmart,,,,,
10/16/2023,Ashwagandha,Herbal,158,47.41," ? 7,490.78 ",0.05,0,UK,iHerb,,,,,
10/16/2023,Melatonin,Sleep Aid,140,49.68," ? 6,955.20 ",0.18,3,USA,Walmart,,,,,
10/16/2023,Biotin,Vitamin,125,44.96," ? 5,620.00 ",0.07,1,USA,Walmart,,,,,
10/16/2023,Green Tea Extract,Fat Burner,152,42.13," ? 6,403.76 ",0.08,2,USA,iHerb,,,,,
10/16/2023,Iron Supplement,Mineral,164,56.54," ? 9,272.56 ",0.13,4,UK,Amazon,,,,,
10/16/2023,Electrolyte Powder,Hydration,139,30.19," ? 4,196.41 ",0.19,2,USA,Amazon,,,,,
10/23/2023,Whey Protein,Protein,150,28.86," ? 4,329.00 ",0.05,2,Canada,Walmart,,,,,
10/23/2023,Vitamin C,Vitamin,154,34.33," ? 5,286.82 ",0.24,2,Canada,iHerb,,,,,
10/23/2023,Fish Oil,Omega,132,58.78," ? 7,758.96 ",0.18,3,Canada,Walmart,,,,,
10/23/2023,Multivitamin,Vitamin,143,45.7," ? 6,535.10 ",0.07,1,UK,Walmart,,,,,
10/23/2023,Pre-Workout,Performance,154,51.36," ? 7,909.44 ",0.21,3,USA,Walmart,,,,,
10/23/2023,BCAA,Amino Acid,162,29.07," ? 4,709.34 ",0.21,1,UK,iHerb,,,,,
10/23/2023,Creatine,Performance,140,17.09," ? 2,392.60 ",0.17,1,USA,Walmart,,,,,
10/23/2023,Zinc,Mineral,161,41.19," ? 6,631.59 ",0.21,2,USA,iHerb,,,,,
10/23/2023,Collagen Peptides,Protein,153,19.58," ? 2,995.74 ",0.24,1,UK,Walmart,,,,,
10/23/2023,Magnesium,Mineral,151,37.01," ? 5,588.51 ",0.15,6,Canada,Amazon,,,,,
10/23/2023,Ashwagandha,Herbal,148,20.82," ? 3,081.36 ",0.13,4,UK,Walmart,,,,,
10/23/2023,Melatonin,Sleep Aid,177,49.89," ? 8,830.53 ",0.04,2,UK,Walmart,,,,,
10/23/2023,Biotin,Vitamin,154,15.66," ? 2,411.64 ",0.03,2,UK,iHerb,,,,,
10/23/2023,Green Tea Extract,Fat Burner,135,27.85," ? 3,759.75 ",0.14,2,UK,Walmart,,,,,
10/23/2023,Iron Supplement,Mineral,157,33.22," ? 5,215.54 ",0.1,3,Canada,iHerb,,,,,
10/23/2023,Electrolyte Powder,Hydration,144,47.17," ? 6,792.48 ",0.09,3,Canada,Amazon,,,,,
10/30/2023,Whey Protein,Protein,144,12.26," ? 1,765.44 ",0.1,1,UK,Amazon,,,,,
10/30/2023,Vitamin C,Vitamin,149,44.98," ? 6,702.02 ",0.24,2,USA,Walmart,,,,,
10/30/2023,Fish Oil,Omega,128,36.77," ? 4,706.56 ",0,0,Canada,iHerb,,,,,
10/30/2023,Multivitamin,Vitamin,171,49.94," ? 8,539.74 ",0.25,3,Canada,iHerb,,,,,
10/30/2023,Pre-Workout,Performance,112,20.94," ? 2,345.28 ",0.13,2,Canada,iHerb,,,,,
10/30/2023,BCAA,Amino Acid,165,56.41," ? 9,307.65 ",0.13,3,Canada,Walmart,,,,,
10/30/2023,Creatine,Performance,148,55.82," ? 8,261.36 ",0.1,1,UK,iHerb,,,,,
10/30/2023,Zinc,Mineral,144,59.75," ? 8,604.00 ",0.01,3,UK,Walmart,,,,,
10/30/2023,Collagen Peptides,Protein,136,12.53," ? 1,704.08 ",0.14,1,Canada,iHerb,,,,,
10/30/2023,Magnesium,Mineral,134,20.87," ? 2,796.58 ",0.06,1,UK,iHerb,,,,,
10/30/2023,Ashwagandha,Herbal,153,10.88," ? 1,664.64 ",0.06,1,USA,Amazon,,,,,
10/30/2023,Melatonin,Sleep Aid,144,49.39," ? 7,112.16 ",0.16,1,UK,Amazon,,,,,
10/30/2023,Biotin,Vitamin,157,39.74," ? 6,239.18 ",0.2,2,Canada,Amazon,,,,,
10/30/2023,Green Tea Extract,Fat Burner,152,47.29," ? 7,188.08 ",0.05,2,Canada,Walmart,,,,,
10/30/2023,Iron Supplement,Mineral,162,33.65," ? 5,451.30 ",0.05,0,Canada,iHerb,,,,,
10/30/2023,Electrolyte Powder,Hydration,159,42.54," ? 6,763.86 ",0.04,4,USA,iHerb,,,,,
11/6/2023,Whey Protein,Protein,153,46.82," ? 7,163.46 ",0.24,0,USA,Amazon,,,,,
11/6/2023,Vitamin C,Vitamin,153,54.5," ? 8,338.50 ",0.22,4,Canada,Walmart,,,,,
11/6/2023,Fish Oil,Omega,150,31.36," ? 4,704.00 ",0.11,1,Canada,Amazon,,,,,
11/6/2023,Multivitamin,Vitamin,141,50.78," ? 7,159.98 ",0.16,4,UK,Walmart,,,,,
11/6/2023,Pre-Workout,Performance,141,34.62," ? 4,881.42 ",0.02,1,Canada,Walmart,,,,,
11/6/2023,BCAA,Amino Acid,134,15.31," ? 2,051.54 ",0.24,1,Canada,iHerb,,,,,
11/6/2023,Creatine,Performance,148,43.87," ? 6,492.76 ",0.15,2,Canada,Amazon,,,,,
11/6/2023,Zinc,Mineral,163,42.13," ? 6,867.19 ",0.22,2,Canada,iHerb,,,,,
11/6/2023,Collagen Peptides,Protein,142,37.07," ? 5,263.94 ",0.23,0,Canada,Walmart,,,,,
11/6/2023,Magnesium,Mineral,146,22.48," ? 3,282.08 ",0.24,4,UK,iHerb,,,,,
11/6/2023,Ashwagandha,Herbal,167,42.35," ? 7,072.45 ",0.22,3,USA,Amazon,,,,,
11/6/2023,Melatonin,Sleep Aid,124,32.57," ? 4,038.68 ",0.1,2,Canada,Amazon,,,,,
11/6/2023,Biotin,Vitamin,143,23.74," ? 3,394.82 ",0.14,0,Canada,Amazon,,,,,
11/6/2023,Green Tea Extract,Fat Burner,135,19.33," ? 2,609.55 ",0.06,2,Canada,Amazon,,,,,
11/6/2023,Iron Supplement,Mineral,131,11.15," ? 1,460.65 ",0.09,2,USA,iHerb,,,,,
11/6/2023,Electrolyte Powder,Hydration,130,55.47," ? 7,211.10 ",0.03,5,Canada,Amazon,,,,,
11/13/2023,Whey Protein,Protein,142,10.25," ? 1,455.50 ",0.1,2,Canada,Amazon,,,,,
11/13/2023,Vitamin C,Vitamin,144,45.83," ? 6,599.52 ",0.09,2,USA,Walmart,,,,,
11/13/2023,Fish Oil,Omega,175,25.31," ? 4,429.25 ",0.12,2,Canada,Walmart,,,,,
11/13/2023,Multivitamin,Vitamin,151,43.36," ? 6,547.36 ",0.16,2,UK,Walmart,,,,,
11/13/2023,Pre-Workout,Performance,133,27.81," ? 3,698.73 ",0.12,3,USA,iHerb,,,,,
11/13/2023,BCAA,Amino Acid,149,31.94," ? 4,759.06 ",0.21,2,Canada,Amazon,,,,,
11/13/2023,Creatine,Performance,150,33.25," ? 4,987.50 ",0.14,8,Canada,Walmart,,,,,
11/13/2023,Zinc,Mineral,155,34.57," ? 5,358.35 ",0.09,3,USA,iHerb,,,,,
11/13/2023,Collagen Peptides,Protein,148,44.13," ? 6,531.24 ",0.01,1,UK,Walmart,,,,,
11/13/2023,Magnesium,Mineral,145,34.71," ? 5,032.95 ",0.01,2,UK,Walmart,,,,,
11/13/2023,Ashwagandha,Herbal,147,34.98," ? 5,142.06 ",0.18,0,USA,Amazon,,,,,
11/13/2023,Melatonin,Sleep Aid,160,55.2," ? 8,832.00 ",0.01,1,USA,Amazon,,,,,
11/13/2023,Biotin,Vitamin,156,30.53," ? 4,762.68 ",0.24,1,USA,Walmart,,,,,
11/13/2023,Green Tea Extract,Fat Burner,158,35.03," ? 5,534.74 ",0.24,0,USA,Walmart,,,,,
11/13/2023,Iron Supplement,Mineral,168,22.95," ? 3,855.60 ",0.23,1,Canada,Walmart,,,,,
11/13/2023,Electrolyte Powder,Hydration,162,52.55," ? 8,513.10 ",0.16,0,Canada,Walmart,,,,,
11/20/2023,Whey Protein,Protein,155,30.6," ? 4,743.00 ",0.04,0,USA,iHerb,,,,,
11/20/2023,Vitamin C,Vitamin,139,34.08," ? 4,737.12 ",0.13,1,USA,Amazon,,,,,
11/20/2023,Fish Oil,Omega,157,27.9," ? 4,380.30 ",0.22,2,UK,Amazon,,,,,
11/20/2023,Multivitamin,Vitamin,158,10.03," ? 1,584.74 ",0.22,3,UK,Amazon,,,,,
11/20/2023,Pre-Workout,Performance,133,43.07," ? 5,728.31 ",0.16,3,UK,iHerb,,,,,
11/20/2023,BCAA,Amino Acid,135,14.86," ? 2,006.10 ",0.1,0,UK,Walmart,,,,,
11/20/2023,Creatine,Performance,168,52.49," ? 8,818.32 ",0.01,1,USA,Amazon,,,,,
11/20/2023,Zinc,Mineral,141,50.14," ? 7,069.74 ",0.1,0,Canada,Amazon,,,,,
11/20/2023,Collagen Peptides,Protein,126,48," ? 6,048.00 ",0.11,2,Canada,Walmart,,,,,
11/20/2023,Magnesium,Mineral,157,17.14," ? 2,690.98 ",0.19,2,UK,Walmart,,,,,
11/20/2023,Ashwagandha,Herbal,146,10.6," ? 1,547.60 ",0.07,0,UK,iHerb,,,,,
11/20/2023,Melatonin,Sleep Aid,140,16.07," ? 2,249.80 ",0.03,3,Canada,Amazon,,,,,
11/20/2023,Biotin,Vitamin,153,27.29," ? 4,175.37 ",0.17,0,UK,Amazon,,,,,
11/20/2023,Green Tea Extract,Fat Burner,154,10.1," ? 1,555.40 ",0.23,2,Canada,Walmart,,,,,
11/20/2023,Iron Supplement,Mineral,172,26.39," ? 4,539.08 ",0.1,2,UK,Walmart,,,,,
11/20/2023,Electrolyte Powder,Hydration,152,11.27," ? 1,713.04 ",0.18,1,USA,Amazon,,,,,
11/27/2023,Whey Protein,Protein,137,35.25," ? 4,829.25 ",0.03,0,Canada,Amazon,,,,,
11/27/2023,Vitamin C,Vitamin,147,25.88," ? 3,804.36 ",0.04,0,UK,Amazon,,,,,
11/27/2023,Fish Oil,Omega,156,15.89," ? 2,478.84 ",0.23,2,UK,Walmart,,,,,
11/27/2023,Multivitamin,Vitamin,148,19.41," ? 2,872.68 ",0.02,0,USA,iHerb,,,,,
11/27/2023,Pre-Workout,Performance,147,18.34," ? 2,695.98 ",0.11,1,UK,Amazon,,,,,
11/27/2023,BCAA,Amino Acid,149,42.22," ? 6,290.78 ",0.23,0,Canada,Walmart,,,,,
11/27/2023,Creatine,Performance,131,35.32," ? 4,626.92 ",0.19,0,USA,Amazon,,,,,
11/27/2023,Zinc,Mineral,155,54.76," ? 8,487.80 ",0.2,2,UK,iHerb,,,,,
11/27/2023,Collagen Peptides,Protein,135,38.86," ? 5,246.10 ",0.07,2,Canada,iHerb,,,,,
11/27/2023,Magnesium,Mineral,154,42.8," ? 6,591.20 ",0.23,0,USA,iHerb,,,,,
11/27/2023,Ashwagandha,Herbal,153,32.98," ? 5,045.94 ",0.07,1,USA,iHerb,,,,,
11/27/2023,Melatonin,Sleep Aid,154,29.19," ? 4,495.26 ",0.13,1,UK,Amazon,,,,,
11/27/2023,Biotin,Vitamin,145,23.8," ? 3,451.00 ",0.05,1,Canada,iHerb,,,,,
11/27/2023,Green Tea Extract,Fat Burner,164,11.64," ? 1,908.96 ",0.06,5,Canada,Amazon,,,,,
11/27/2023,Iron Supplement,Mineral,163,56.46," ? 9,202.98 ",0.11,5,UK,iHerb,,,,,
11/27/2023,Electrolyte Powder,Hydration,142,41.9," ? 5,949.80 ",0.09,2,UK,iHerb,,,,,
12/4/2023,Whey Protein,Protein,143,23.79," ? 3,401.97 ",0.01,3,Canada,iHerb,,,,,
12/4/2023,Vitamin C,Vitamin,158,37.95," ? 5,996.10 ",0.03,0,USA,iHerb,,,,,
12/4/2023,Fish Oil,Omega,142,18.65," ? 2,648.30 ",0.23,1,USA,iHerb,,,,,
12/4/2023,Multivitamin,Vitamin,158,23.45," ? 3,705.10 ",0.24,1,UK,Amazon,,,,,
12/4/2023,Pre-Workout,Performance,142,16.45," ? 2,335.90 ",0.06,2,USA,iHerb,,,,,
12/4/2023,BCAA,Amino Acid,148,16.12," ? 2,385.76 ",0.2,2,Canada,Amazon,,,,,
12/4/2023,Creatine,Performance,127,46.86," ? 5,951.22 ",0.23,0,Canada,Amazon,,,,,
12/4/2023,Zinc,Mineral,148,28.56," ? 4,226.88 ",0.13,0,UK,Walmart,,,,,
12/4/2023,Collagen Peptides,Protein,158,51.45," ? 8,129.10 ",0.07,3,USA,Walmart,,,,,
12/4/2023,Magnesium,Mineral,161,38.69," ? 6,229.09 ",0.05,2,USA,Amazon,,,,,
12/4/2023,Ashwagandha,Herbal,151,44.18," ? 6,671.18 ",0.24,0,USA,Walmart,,,,,
12/4/2023,Melatonin,Sleep Aid,144,18.51," ? 2,665.44 ",0.01,1,USA,Amazon,,,,,
12/4/2023,Biotin,Vitamin,166,31.45," ? 5,220.70 ",0.19,4,Canada,Walmart,,,,,
12/4/2023,Green Tea Extract,Fat Burner,178,47.3," ? 8,419.40 ",0.16,1,USA,Walmart,,,,,
12/4/2023,Iron Supplement,Mineral,150,53.58," ? 8,037.00 ",0.09,2,UK,Amazon,,,,,
12/4/2023,Electrolyte Powder,Hydration,136,59.6," ? 8,105.60 ",0.19,4,USA,Amazon,,,,,
12/11/2023,Whey Protein,Protein,142,35.15," ? 4,991.30 ",0.12,0,UK,Walmart,,,,,
12/11/2023,Vitamin C,Vitamin,159,19.32," ? 3,071.88 ",0.08,2,USA,Walmart,,,,,
12/11/2023,Fish Oil,Omega,158,36.28," ? 5,732.24 ",0.03,3,USA,Walmart,,,,,
12/11/2023,Multivitamin,Vitamin,172,10.88," ? 1,871.36 ",0.13,2,Canada,Amazon,,,,,
12/11/2023,Pre-Workout,Performance,165,57.66," ? 9,513.90 ",0.15,3,USA,iHerb,,,,,
12/11/2023,BCAA,Amino Acid,147,33.16," ? 4,874.52 ",0.04,1,UK,Amazon,,,,,
12/11/2023,Creatine,Performance,165,17.54," ? 2,894.10 ",0.03,1,UK,Walmart,,,,,
12/11/2023,Zinc,Mineral,167,47.59," ? 7,947.53 ",0.16,3,USA,Amazon,,,,,
12/11/2023,Collagen Peptides,Protein,120,29.83," ? 3,579.60 ",0.11,3,USA,Amazon,,,,,
12/11/2023,Magnesium,Mineral,152,30.39," ? 4,619.28 ",0.1,4,Canada,Amazon,,,,,
12/11/2023,Ashwagandha,Herbal,153,45.66," ? 6,985.98 ",0.19,2,UK,Walmart,,,,,
12/11/2023,Melatonin,Sleep Aid,140,46.61," ? 6,525.40 ",0.19,5,UK,Walmart,,,,,
12/11/2023,Biotin,Vitamin,162,57.57," ? 9,326.34 ",0.04,1,Canada,Amazon,,,,,
12/11/2023,Green Tea Extract,Fat Burner,153,51.97," ? 7,951.41 ",0.19,2,Canada,Amazon,,,,,
12/11/2023,Iron Supplement,Mineral,159,25.65," ? 4,078.35 ",0.04,3,Canada,iHerb,,,,,
12/11/2023,Electrolyte Powder,Hydration,153,37.27," ? 5,702.31 ",0.05,1,UK,Amazon,,,,,
12/18/2023,Whey Protein,Protein,146,10.28," ? 1,500.88 ",0.25,4,UK,iHerb,,,,,
12/18/2023,Vitamin C,Vitamin,184,11.31," ? 2,081.04 ",0.06,4,Canada,iHerb,,,,,
12/18/2023,Fish Oil,Omega,128,14.4," ? 1,843.20 ",0.21,1,USA,Amazon,,,,,
12/18/2023,Multivitamin,Vitamin,169,58.55," ? 9,894.95 ",0.13,2,USA,iHerb,,,,,
12/18/2023,Pre-Workout,Performance,153,52.3," ? 8,001.90 ",0.16,2,Canada,Walmart,,,,,
12/18/2023,BCAA,Amino Acid,161,42.51," ? 6,844.11 ",0.05,2,UK,Walmart,,,,,
12/18/2023,Creatine,Performance,112,13.85," ? 1,551.20 ",0.1,2,Canada,iHerb,,,,,
12/18/2023,Zinc,Mineral,164,54.84," ? 8,993.76 ",0.08,0,UK,iHerb,,,,,
12/18/2023,Collagen Peptides,Protein,159,26.98," ? 4,289.82 ",0.09,4,USA,Amazon,,,,,
12/18/2023,Magnesium,Mineral,126,25.48," ? 3,210.48 ",0.01,2,UK,Walmart,,,,,
12/18/2023,Ashwagandha,Herbal,144,45.38," ? 6,534.72 ",0.13,2,Canada,Amazon,,,,,
12/18/2023,Melatonin,Sleep Aid,153,46.71," ? 7,146.63 ",0.15,0,USA,Amazon,,,,,
12/18/2023,Biotin,Vitamin,169,53.43," ? 9,029.67 ",0.22,1,Canada,iHerb,,,,,
12/18/2023,Green Tea Extract,Fat Burner,150,32.47," ? 4,870.50 ",0.22,2,Canada,Walmart,,,,,
12/18/2023,Iron Supplement,Mineral,134,59.8," ? 8,013.20 ",0.15,2,UK,iHerb,,,,,
12/18/2023,Electrolyte Powder,Hydration,160,28.59," ? 4,574.40 ",0.18,1,USA,Walmart,,,,,
12/25/2023,Whey Protein,Protein,152,48.88," ? 7,429.76 ",0.07,0,UK,Walmart,,,,,
12/25/2023,Vitamin C,Vitamin,142,27.11," ? 3,849.62 ",0.14,0,Canada,iHerb,,,,,
12/25/2023,Fish Oil,Omega,150,36.73," ? 5,509.50 ",0.11,1,UK,Walmart,,,,,
12/25/2023,Multivitamin,Vitamin,169,44.07," ? 7,447.83 ",0.23,2,Canada,Amazon,,,,,
12/25/2023,Pre-Workout,Performance,166,34.69," ? 5,758.54 ",0.11,0,UK,Amazon,,,,,
12/25/2023,BCAA,Amino Acid,148,43.49," ? 6,436.52 ",0.23,0,UK,Walmart,,,,,
12/25/2023,Creatine,Performance,144,32.76," ? 4,717.44 ",0.19,1,USA,Walmart,,,,,
12/25/2023,Zinc,Mineral,167,39.06," ? 6,523.02 ",0.04,1,Canada,Walmart,,,,,
12/25/2023,Collagen Peptides,Protein,140,56.41," ? 7,897.40 ",0.13,0,USA,iHerb,,,,,
12/25/2023,Magnesium,Mineral,141,41.16," ? 5,803.56 ",0.11,1,UK,Amazon,,,,,
12/25/2023,Ashwagandha,Herbal,152,13.95," ? 2,120.40 ",0.01,1,USA,Walmart,,,,,
12/25/2023,Melatonin,Sleep Aid,130,48.65," ? 6,324.50 ",0.18,1,Canada,iHerb,,,,,
12/25/2023,Biotin,Vitamin,165,54.25," ? 8,951.25 ",0.1,1,UK,Amazon,,,,,
12/25/2023,Green Tea Extract,Fat Burner,147,58.77," ? 8,639.19 ",0.03,1,UK,Walmart,,,,,
12/25/2023,Iron Supplement,Mineral,143,17.61," ? 2,518.23 ",0.01,1,UK,Walmart,,,,,
12/25/2023,Electrolyte Powder,Hydration,166,16.18," ? 2,685.88 ",0.16,6,UK,iHerb,,,,,
1/1/2024,Whey Protein,Protein,140,58.59," ? 8,202.60 ",0.04,1,UK,Amazon,,,,,
1/1/2024,Vitamin C,Vitamin,143,22.12," ? 3,163.16 ",0.22,3,USA,Walmart,,,,,
1/1/2024,Fish Oil,Omega,147,18.28," ? 2,687.16 ",0.11,2,USA,Walmart,,,,,
1/1/2024,Multivitamin,Vitamin,146,10.05," ? 1,467.30 ",0.2,3,USA,iHerb,,,,,
1/1/2024,Pre-Workout,Performance,152,59.96," ? 9,113.92 ",0.15,2,Canada,iHerb,,,,,
1/1/2024,BCAA,Amino Acid,157,10.48," ? 1,645.36 ",0.06,2,UK,Amazon,,,,,
1/1/2024,Creatine,Performance,168,30.67," ? 5,152.56 ",0.09,2,Canada,iHerb,,,,,
1/1/2024,Zinc,Mineral,159,24.57," ? 3,906.63 ",0.23,2,Canada,Walmart,,,,,
1/1/2024,Collagen Peptides,Protein,161,27.2," ? 4,379.20 ",0.22,0,USA,Walmart,,,,,
1/1/2024,Magnesium,Mineral,150,47.56," ? 7,134.00 ",0.07,0,Canada,Amazon,,,,,
1/1/2024,Ashwagandha,Herbal,172,15.23," ? 2,619.56 ",0.05,7,Canada,Walmart,,,,,
1/1/2024,Melatonin,Sleep Aid,138,31.01," ? 4,279.38 ",0.22,2,Canada,Amazon,,,,,
1/1/2024,Biotin,Vitamin,153,53.99," ? 8,260.47 ",0.11,4,USA,Walmart,,,,,
1/1/2024,Green Tea Extract,Fat Burner,150,13.46," ? 2,019.00 ",0.19,1,Canada,Amazon,,,,,
1/1/2024,Iron Supplement,Mineral,145,17.34," ? 2,514.30 ",0.05,1,UK,iHerb,,,,,
1/1/2024,Electrolyte Powder,Hydration,168,46.22," ? 7,764.96 ",0.02,2,USA,Amazon,,,,,
1/8/2024,Whey Protein,Protein,149,52.31," ? 7,794.19 ",0.11,2,USA,iHerb,,,,,
1/8/2024,Vitamin C,Vitamin,138,13.73," ? 1,894.74 ",0.09,0,UK,iHerb,,,,,
1/8/2024,Fish Oil,Omega,158,47.55," ? 7,512.90 ",0.13,0,UK,Walmart,,,,,
1/8/2024,Multivitamin,Vitamin,159,55.18," ? 8,773.62 ",0.14,2,USA,Walmart,,,,,
1/8/2024,Pre-Workout,Performance,159,18.21," ? 2,895.39 ",0.02,1,USA,Walmart,,,,,
1/8/2024,BCAA,Amino Acid,147,44.67," ? 6,566.49 ",0.05,0,USA,Amazon,,,,,
1/8/2024,Creatine,Performance,152,59.91," ? 9,106.32 ",0.09,3,Canada,Amazon,,,,,
1/8/2024,Zinc,Mineral,146,39.91," ? 5,826.86 ",0.01,0,Canada,iHerb,,,,,
1/8/2024,Collagen Peptides,Protein,159,40.29," ? 6,406.11 ",0.07,3,UK,iHerb,,,,,
1/8/2024,Magnesium,Mineral,162,36.24," ? 5,870.88 ",0.07,3,Canada,Walmart,,,,,
1/8/2024,Ashwagandha,Herbal,137,19.2," ? 2,630.40 ",0.17,2,UK,Amazon,,,,,
1/8/2024,Melatonin,Sleep Aid,155,15.01," ? 2,326.55 ",0.23,1,USA,Amazon,,,,,
1/8/2024,Biotin,Vitamin,147,19.64," ? 2,887.08 ",0.03,1,UK,Amazon,,,,,
1/8/2024,Green Tea Extract,Fat Burner,139,54.63," ? 7,593.57 ",0.13,1,UK,Walmart,,,,,
1/8/2024,Iron Supplement,Mineral,132,39.2," ? 5,174.40 ",0.04,1,UK,Amazon,,,,,
1/8/2024,Electrolyte Powder,Hydration,149,22.13," ? 3,297.37 ",0.13,2,USA,iHerb,,,,,
1/15/2024,Whey Protein,Protein,148,53.47," ? 7,913.56 ",0.12,4,Canada,iHerb,,,,,
1/15/2024,Vitamin C,Vitamin,128,29.03," ? 3,715.84 ",0.15,1,UK,Walmart,,,,,
1/15/2024,Fish Oil,Omega,149,18.52," ? 2,759.48 ",0.21,3,Canada,Amazon,,,,,
1/15/2024,Multivitamin,Vitamin,156,39.88," ? 6,221.28 ",0.05,1,UK,Amazon,,,,,
1/15/2024,Pre-Workout,Performance,157,10.93," ? 1,716.01 ",0.24,3,UK,iHerb,,,,,
1/15/2024,BCAA,Amino Acid,141,56.16," ? 7,918.56 ",0.02,1,Canada,iHerb,,,,,
1/15/2024,Creatine,Performance,148,51.78," ? 7,663.44 ",0.1,0,Canada,Walmart,,,,,
1/15/2024,Zinc,Mineral,126,30.46," ? 3,837.96 ",0.18,0,USA,iHerb,,,,,
1/15/2024,Collagen Peptides,Protein,155,22.76," ? 3,527.80 ",0.15,2,USA,Walmart,,,,,
1/15/2024,Magnesium,Mineral,149,40.96," ? 6,103.04 ",0.24,1,USA,iHerb,,,,,
1/15/2024,Ashwagandha,Herbal,146,13.81," ? 2,016.26 ",0.14,1,UK,Amazon,,,,,
1/15/2024,Melatonin,Sleep Aid,133,10.17," ? 1,352.61 ",0.1,0,USA,iHerb,,,,,
1/15/2024,Biotin,Vitamin,171,36.96," ? 6,320.16 ",0.07,2,Canada,iHerb,,,,,
1/15/2024,Green Tea Extract,Fat Burner,148,45.02," ? 6,662.96 ",0.03,0,Canada,Walmart,,,,,
1/15/2024,Iron Supplement,Mineral,160,34.93," ? 5,588.80 ",0.12,1,Canada,iHerb,,,,,
1/15/2024,Electrolyte Powder,Hydration,148,34.98," ? 5,177.04 ",0.13,2,UK,iHerb,,,,,
1/22/2024,Whey Protein,Protein,158,30.68," ? 4,847.44 ",0.09,2,USA,iHerb,,,,,
1/22/2024,Vitamin C,Vitamin,148,44.82," ? 6,633.36 ",0.22,2,USA,iHerb,,,,,
1/22/2024,Fish Oil,Omega,183,12.62," ? 2,309.46 ",0.14,5,UK,iHerb,,,,,
1/22/2024,Multivitamin,Vitamin,147,36.08," ? 5,303.76 ",0.16,1,Canada,Walmart,,,,,
1/22/2024,Pre-Workout,Performance,168,26.34," ? 4,425.12 ",0.09,1,Canada,iHerb,,,,,
1/22/2024,BCAA,Amino Acid,131,28.27," ? 3,703.37 ",0.22,3,UK,Walmart,,,,,
1/22/2024,Creatine,Performance,158,29.48," ? 4,657.84 ",0.13,1,Canada,iHerb,,,,,
1/22/2024,Zinc,Mineral,154,41.06," ? 6,323.24 ",0.07,0,Canada,iHerb,,,,,
1/22/2024,Collagen Peptides,Protein,152,31.33," ? 4,762.16 ",0.02,3,Canada,iHerb,,,,,
1/22/2024,Magnesium,Mineral,154,35.55," ? 5,474.70 ",0.12,0,USA,Walmart,,,,,
1/22/2024,Ashwagandha,Herbal,154,47.45," ? 7,307.30 ",0.05,3,UK,Amazon,,,,,
1/22/2024,Melatonin,Sleep Aid,144,13.59," ? 1,956.96 ",0.12,2,USA,iHerb,,,,,
1/22/2024,Biotin,Vitamin,140,41.34," ? 5,787.60 ",0,2,USA,Amazon,,,,,
1/22/2024,Green Tea Extract,Fat Burner,150,59.79," ? 8,968.50 ",0.22,1,UK,Amazon,,,,,
1/22/2024,Iron Supplement,Mineral,151,48.77," ? 7,364.27 ",0.23,1,USA,Walmart,,,,,
1/22/2024,Electrolyte Powder,Hydration,162,29.83," ? 4,832.46 ",0.23,1,Canada,iHerb,,,,,
1/29/2024,Whey Protein,Protein,149,23.06," ? 3,435.94 ",0.08,3,Canada,Walmart,,,,,
1/29/2024,Vitamin C,Vitamin,156,23.56," ? 3,675.36 ",0.14,4,Canada,Walmart,,,,,
1/29/2024,Fish Oil,Omega,143,35.54," ? 5,082.22 ",0.1,0,UK,Walmart,,,,,
1/29/2024,Multivitamin,Vitamin,152,52.95," ? 8,048.40 ",0.18,0,UK,Walmart,,,,,
1/29/2024,Pre-Workout,Performance,136,10.49," ? 1,426.64 ",0.08,1,UK,Amazon,,,,,
1/29/2024,BCAA,Amino Acid,140,36.49," ? 5,108.60 ",0.07,2,Canada,Walmart,,,,,
1/29/2024,Creatine,Performance,160,28.05," ? 4,488.00 ",0.14,2,UK,Amazon,,,,,
1/29/2024,Zinc,Mineral,154,14.12," ? 2,174.48 ",0.09,1,USA,iHerb,,,,,
1/29/2024,Collagen Peptides,Protein,141,16.95," ? 2,389.95 ",0.09,1,USA,iHerb,,,,,
1/29/2024,Magnesium,Mineral,160,18.64," ? 2,982.40 ",0.15,2,USA,iHerb,,,,,
1/29/2024,Ashwagandha,Herbal,153,17.75," ? 2,715.75 ",0,2,UK,Amazon,,,,,
1/29/2024,Melatonin,Sleep Aid,131,47.23," ? 6,187.13 ",0.07,2,USA,Walmart,,,,,
1/29/2024,Biotin,Vitamin,171,20.86," ? 3,567.06 ",0.03,0,UK,Walmart,,,,,
1/29/2024,Green Tea Extract,Fat Burner,126,31.6," ? 3,981.60 ",0.08,2,USA,iHerb,,,,,
1/29/2024,Iron Supplement,Mineral,166,36.53," ? 6,063.98 ",0.03,2,USA,Walmart,,,,,
1/29/2024,Electrolyte Powder,Hydration,145,52.12," ? 7,557.40 ",0.08,0,USA,Amazon,,,,,
2/5/2024,Whey Protein,Protein,144,38.98," ? 5,613.12 ",0.18,0,USA,Walmart,,,,,
2/5/2024,Vitamin C,Vitamin,153,23.1," ? 3,534.30 ",0.23,4,UK,Amazon,,,,,
2/5/2024,Fish Oil,Omega,141,21.94," ? 3,093.54 ",0.18,2,UK,iHerb,,,,,
2/5/2024,Multivitamin,Vitamin,140,50.61," ? 7,085.40 ",0.09,0,Canada,Walmart,,,,,
2/5/2024,Pre-Workout,Performance,130,58.9," ? 7,657.00 ",0.21,1,UK,Walmart,,,,,
2/5/2024,BCAA,Amino Acid,151,18.15," ? 2,740.65 ",0.12,1,UK,Amazon,,,,,
2/5/2024,Creatine,Performance,151,40.19," ? 6,068.69 ",0.15,0,Canada,Amazon,,,,,
2/5/2024,Zinc,Mineral,166,35.11," ? 5,828.26 ",0.13,1,USA,Walmart,,,,,
2/5/2024,Collagen Peptides,Protein,157,18.19," ? 2,855.83 ",0.02,2,Canada,Amazon,,,,,
2/5/2024,Magnesium,Mineral,141,44.79," ? 6,315.39 ",0.08,2,Canada,iHerb,,,,,
2/5/2024,Ashwagandha,Herbal,152,48.16," ? 7,320.32 ",0.22,0,UK,iHerb,,,,,
2/5/2024,Melatonin,Sleep Aid,140,32.1," ? 4,494.00 ",0.22,1,Canada,Walmart,,,,,
2/5/2024,Biotin,Vitamin,165,26.98," ? 4,451.70 ",0.22,1,Canada,Walmart,,,,,
2/5/2024,Green Tea Extract,Fat Burner,161,57.44," ? 9,247.84 ",0.14,2,Canada,Walmart,,,,,
2/5/2024,Iron Supplement,Mineral,130,55.05," ? 7,156.50 ",0.22,0,Canada,Amazon,,,,,
2/5/2024,Electrolyte Powder,Hydration,143,18.61," ? 2,661.23 ",0.18,0,USA,iHerb,,,,,
2/12/2024,Whey Protein,Protein,144,34.1," ? 4,910.40 ",0.18,4,USA,iHerb,,,,,
2/12/2024,Vitamin C,Vitamin,133,21.52," ? 2,862.16 ",0.1,0,UK,iHerb,,,,,
2/12/2024,Fish Oil,Omega,134,27.1," ? 3,631.40 ",0.22,2,Canada,Walmart,,,,,
2/12/2024,Multivitamin,Vitamin,140,25.99," ? 3,638.60 ",0.08,2,UK,Amazon,,,,,
2/12/2024,Pre-Workout,Performance,151,17.45," ? 2,634.95 ",0.01,0,USA,Amazon,,,,,
2/12/2024,BCAA,Amino Acid,132,15.62," ? 2,061.84 ",0.18,1,UK,Walmart,,,,,
2/12/2024,Creatine,Performance,128,38.98," ? 4,989.44 ",0.06,3,Canada,Amazon,,,,,
2/12/2024,Zinc,Mineral,121,47.6," ? 5,759.60 ",0.18,0,Canada,iHerb,,,,,
2/12/2024,Collagen Peptides,Protein,126,25.68," ? 3,235.68 ",0.05,1,Canada,Walmart,,,,,
2/12/2024,Magnesium,Mineral,170,48.29," ? 8,209.30 ",0.14,1,UK,Walmart,,,,,
2/12/2024,Ashwagandha,Herbal,140,55.64," ? 7,789.60 ",0.17,1,USA,iHerb,,,,,
2/12/2024,Melatonin,Sleep Aid,153,48.65," ? 7,443.45 ",0.23,1,USA,iHerb,,,,,
2/12/2024,Biotin,Vitamin,142,30.79," ? 4,372.18 ",0.15,1,Canada,Amazon,,,,,
2/12/2024,Green Tea Extract,Fat Burner,136,44.55," ? 6,058.80 ",0.2,1,UK,iHerb,,,,,
2/12/2024,Iron Supplement,Mineral,136,49.31," ? 6,706.16 ",0.1,2,USA,Walmart,,,,,
2/12/2024,Electrolyte Powder,Hydration,150,49.81," ? 7,471.50 ",0.02,1,Canada,iHerb,,,,,
2/19/2024,Whey Protein,Protein,139,35.15," ? 4,885.85 ",0.12,2,UK,Amazon,,,,,
2/19/2024,Vitamin C,Vitamin,159,30.48," ? 4,846.32 ",0.16,2,UK,Walmart,,,,,
2/19/2024,Fish Oil,Omega,147,57.36," ? 8,431.92 ",0.05,3,UK,Amazon,,,,,
2/19/2024,Multivitamin,Vitamin,123,24.41," ? 3,002.43 ",0.16,0,USA,iHerb,,,,,
2/19/2024,Pre-Workout,Performance,167,42.6," ? 7,114.20 ",0.11,4,USA,Amazon,,,,,
2/19/2024,BCAA,Amino Acid,163,45.09," ? 7,349.67 ",0.14,2,Canada,iHerb,,,,,
2/19/2024,Creatine,Performance,144,13.91," ? 2,003.04 ",0.09,2,Canada,Walmart,,,,,
2/19/2024,Zinc,Mineral,152,19.29," ? 2,932.08 ",0.17,0,USA,Amazon,,,,,
2/19/2024,Collagen Peptides,Protein,142,25.52," ? 3,623.84 ",0.01,3,USA,iHerb,,,,,
2/19/2024,Magnesium,Mineral,143,13.74," ? 1,964.82 ",0.06,0,Canada,Amazon,,,,,
2/19/2024,Ashwagandha,Herbal,160,50.23," ? 8,036.80 ",0.04,1,USA,Walmart,,,,,
2/19/2024,Melatonin,Sleep Aid,157,40.06," ? 6,289.42 ",0.23,1,Canada,iHerb,,,,,
2/19/2024,Biotin,Vitamin,150,13.89," ? 2,083.50 ",0.01,1,UK,Walmart,,,,,
2/19/2024,Green Tea Extract,Fat Burner,155,19.51," ? 3,024.05 ",0.11,2,USA,Amazon,,,,,
2/19/2024,Iron Supplement,Mineral,140,40.68," ? 5,695.20 ",0.24,2,Canada,iHerb,,,,,
2/19/2024,Electrolyte Powder,Hydration,161,23.61," ? 3,801.21 ",0.11,3,USA,Amazon,,,,,
2/26/2024,Whey Protein,Protein,148,59.44," ? 8,797.12 ",0.02,0,USA,iHerb,,,,,
2/26/2024,Vitamin C,Vitamin,135,16.55," ? 2,234.25 ",0.22,0,USA,Walmart,,,,,
2/26/2024,Fish Oil,Omega,143,56.58," ? 8,090.94 ",0.17,3,USA,Walmart,,,,,
2/26/2024,Multivitamin,Vitamin,140,21.15," ? 2,961.00 ",0.18,0,Canada,Amazon,,,,,
2/26/2024,Pre-Workout,Performance,123,42.1," ? 5,178.30 ",0.17,1,UK,Amazon,,,,,
2/26/2024,BCAA,Amino Acid,162,15.27," ? 2,473.74 ",0.2,4,USA,iHerb,,,,,
2/26/2024,Creatine,Performance,125,34.38," ? 4,297.50 ",0.04,2,UK,Amazon,,,,,
2/26/2024,Zinc,Mineral,142,43.55," ? 6,184.10 ",0.15,0,Canada,Amazon,,,,,
2/26/2024,Collagen Peptides,Protein,139,22.04," ? 3,063.56 ",0.09,2,USA,Walmart,,,,,
2/26/2024,Magnesium,Mineral,145,31.97," ? 4,635.65 ",0.2,4,UK,Amazon,,,,,
2/26/2024,Ashwagandha,Herbal,140,41.09," ? 5,752.60 ",0.2,2,Canada,Amazon,,,,,
2/26/2024,Melatonin,Sleep Aid,147,13.5," ? 1,984.50 ",0.13,5,USA,Walmart,,,,,
2/26/2024,Biotin,Vitamin,159,51.36," ? 8,166.24 ",0.19,1,USA,iHerb,,,,,
2/26/2024,Green Tea Extract,Fat Burner,166,24.76," ? 4,110.16 ",0.07,3,Canada,iHerb,,,,,
2/26/2024,Iron Supplement,Mineral,174,40.28," ? 7,008.72 ",0.06,2,USA,Walmart,,,,,
2/26/2024,Electrolyte Powder,Hydration,140,29.35," ? 4,109.00 ",0.21,1,UK,Walmart,,,,,
3/4/2024,Whey Protein,Protein,163,32.01," ? 5,217.63 ",0.15,0,Canada,iHerb,,,,,
3/4/2024,Vitamin C,Vitamin,177,35.39," ? 6,264.03 ",0.21,3,Canada,Walmart,,,,,
3/4/2024,Fish Oil,Omega,151,13.24," ? 1,999.24 ",0.03,2,USA,Amazon,,,,,
3/4/2024,Multivitamin,Vitamin,145,26.4," ? 3,828.00 ",0.1,3,UK,Amazon,,,,,
3/4/2024,Pre-Workout,Performance,161,23.22," ? 3,738.42 ",0.08,3,Canada,iHerb,,,,,
3/4/2024,BCAA,Amino Acid,169,21.34," ? 3,606.46 ",0.05,3,Canada,iHerb,,,,,
3/4/2024,Creatine,Performance,168,31.03," ? 5,213.04 ",0.21,3,Canada,Amazon,,,,,
3/4/2024,Zinc,Mineral,162,55.58," ? 9,003.96 ",0.08,0,USA,Walmart,,,,,
3/4/2024,Collagen Peptides,Protein,158,52.73," ? 8,331.34 ",0.02,3,UK,iHerb,,,,,
3/4/2024,Magnesium,Mineral,142,12.01," ? 1,705.42 ",0.15,2,USA,Amazon,,,,,
3/4/2024,Ashwagandha,Herbal,145,36.88," ? 5,347.60 ",0.21,1,Canada,iHerb,,,,,
3/4/2024,Melatonin,Sleep Aid,141,57.46," ? 8,101.86 ",0.09,0,Canada,iHerb,,,,,
3/4/2024,Biotin,Vitamin,161,16.43," ? 2,645.23 ",0.25,2,USA,Walmart,,,,,
3/4/2024,Green Tea Extract,Fat Burner,150,54.93," ? 8,239.50 ",0.06,1,Canada,iHerb,,,,,
3/4/2024,Iron Supplement,Mineral,133,39.78," ? 5,290.74 ",0.15,0,Canada,Amazon,,,,,
3/4/2024,Electrolyte Powder,Hydration,155,27.89," ? 4,322.95 ",0.2,1,USA,Amazon,,,,,
3/11/2024,Whey Protein,Protein,160,37.56," ? 6,009.60 ",0.24,5,USA,Walmart,,,,,
3/11/2024,Vitamin C,Vitamin,142,13.15," ? 1,867.30 ",0.22,1,UK,Walmart,,,,,
3/11/2024,Fish Oil,Omega,146,57.34," ? 8,371.64 ",0.13,1,USA,Walmart,,,,,
3/11/2024,Multivitamin,Vitamin,145,40.09," ? 5,813.05 ",0.23,3,USA,Amazon,,,,,
3/11/2024,Pre-Workout,Performance,149,31.16," ? 4,642.84 ",0.06,5,Canada,iHerb,,,,,
3/11/2024,BCAA,Amino Acid,143,59.48," ? 8,505.64 ",0.03,2,USA,Amazon,,,,,
3/11/2024,Creatine,Performance,174,10.13," ? 1,762.62 ",0.09,0,USA,Walmart,,,,,
3/11/2024,Zinc,Mineral,147,31.94," ? 4,695.18 ",0.11,1,UK,Walmart,,,,,
3/11/2024,Collagen Peptides,Protein,153,25.42," ? 3,889.26 ",0.21,2,Canada,iHerb,,,,,
3/11/2024,Magnesium,Mineral,143,28.06," ? 4,012.58 ",0.16,0,UK,iHerb,,,,,
3/11/2024,Ashwagandha,Herbal,171,56," ? 9,576.00 ",0.01,1,UK,iHerb,,,,,
3/11/2024,Melatonin,Sleep Aid,165,31.81," ? 5,248.65 ",0.03,1,Canada,iHerb,,,,,
3/11/2024,Biotin,Vitamin,164,46.84," ? 7,681.76 ",0.09,4,UK,Walmart,,,,,
3/11/2024,Green Tea Extract,Fat Burner,158,31.32," ? 4,948.56 ",0.23,2,USA,Amazon,,,,,
3/11/2024,Iron Supplement,Mineral,158,21.18," ? 3,346.44 ",0.18,2,Canada,Walmart,,,,,
3/11/2024,Electrolyte Powder,Hydration,150,20.41," ? 3,061.50 ",0.2,4,USA,Walmart,,,,,
3/18/2024,Whey Protein,Protein,168,30.3," ? 5,090.40 ",0.2,2,USA,Walmart,,,,,
3/18/2024,Vitamin C,Vitamin,152,36.8," ? 5,593.60 ",0.13,0,USA,Amazon,,,,,
3/18/2024,Fish Oil,Omega,127,55.66," ? 7,068.82 ",0.1,1,Canada,iHerb,,,,,
3/18/2024,Multivitamin,Vitamin,164,40.48," ? 6,638.72 ",0.07,3,UK,iHerb,,,,,
3/18/2024,Pre-Workout,Performance,136,19.58," ? 2,662.88 ",0.07,1,USA,Walmart,,,,,
3/18/2024,BCAA,Amino Acid,156,43.83," ? 6,837.48 ",0.02,0,UK,iHerb,,,,,
3/18/2024,Creatine,Performance,150,52.98," ? 7,947.00 ",0.24,2,UK,Amazon,,,,,
3/18/2024,Zinc,Mineral,156,41.14," ? 6,417.84 ",0.04,2,UK,iHerb,,,,,
3/18/2024,Collagen Peptides,Protein,146,36.18," ? 5,282.28 ",0.03,1,USA,Amazon,,,,,
3/18/2024,Magnesium,Mineral,133,54.56," ? 7,256.48 ",0.12,0,UK,iHerb,,,,,
3/18/2024,Ashwagandha,Herbal,146,20.01," ? 2,921.46 ",0.01,1,UK,Amazon,,,,,
3/18/2024,Melatonin,Sleep Aid,162,40.32," ? 6,531.84 ",0.05,1,USA,Amazon,,,,,
3/18/2024,Biotin,Vitamin,164,52.9," ? 8,675.60 ",0.12,3,Canada,Walmart,,,,,
3/18/2024,Green Tea Extract,Fat Burner,143,47.58," ? 6,803.94 ",0.2,0,Canada,Amazon,,,,,
3/18/2024,Iron Supplement,Mineral,191,13.43," ? 2,565.13 ",0.15,3,Canada,Amazon,,,,,
3/18/2024,Electrolyte Powder,Hydration,182,11.26," ? 2,049.32 ",0.15,1,UK,Amazon,,,,,
3/25/2024,Whey Protein,Protein,148,13.23," ? 1,958.04 ",0.12,1,UK,iHerb,,,,,
3/25/2024,Vitamin C,Vitamin,158,19.26," ? 3,043.08 ",0.05,1,Canada,Walmart,,,,,
3/25/2024,Fish Oil,Omega,137,59.72," ? 8,181.64 ",0.16,2,UK,iHerb,,,,,
3/25/2024,Multivitamin,Vitamin,147,55.55," ? 8,165.85 ",0.24,1,Canada,iHerb,,,,,
3/25/2024,Pre-Workout,Performance,142,16.62," ? 2,360.04 ",0.19,2,UK,iHerb,,,,,
3/25/2024,BCAA,Amino Acid,150,39.1," ? 5,865.00 ",0.1,0,Canada,Walmart,,,,,
3/25/2024,Creatine,Performance,147,13.55," ? 1,991.85 ",0.08,0,USA,iHerb,,,,,
3/25/2024,Zinc,Mineral,159,13.13," ? 2,087.67 ",0.24,0,Canada,Amazon,,,,,
3/25/2024,Collagen Peptides,Protein,153,49.39," ? 7,556.67 ",0.01,3,USA,iHerb,,,,,
3/25/2024,Magnesium,Mineral,171,34.1," ? 5,831.10 ",0.01,2,Canada,Amazon,,,,,
3/25/2024,Ashwagandha,Herbal,147,30.19," ? 4,437.93 ",0.17,0,UK,Walmart,,,,,
3/25/2024,Melatonin,Sleep Aid,134,12.28," ? 1,645.52 ",0.14,2,Canada,iHerb,,,,,
3/25/2024,Biotin,Vitamin,154,44.03," ? 6,780.62 ",0.08,1,UK,Walmart,,,,,
3/25/2024,Green Tea Extract,Fat Burner,143,18.08," ? 2,585.44 ",0,2,USA,Walmart,,,,,
3/25/2024,Iron Supplement,Mineral,175,49.15," ? 8,601.25 ",0.17,2,Canada,Walmart,,,,,
3/25/2024,Electrolyte Powder,Hydration,158,21.24," ? 3,355.92 ",0.08,1,Canada,Amazon,,,,,
4/1/2024,Whey Protein,Protein,148,27.26," ? 4,034.48 ",0.09,3,USA,Amazon,,,,,
4/1/2024,Vitamin C,Vitamin,150,53.04," ? 7,956.00 ",0.12,2,USA,Amazon,,,,,
4/1/2024,Fish Oil,Omega,130,30.22," ? 3,928.60 ",0.12,4,USA,Walmart,,,,,
4/1/2024,Multivitamin,Vitamin,157,45.08," ? 7,077.56 ",0,0,Canada,Amazon,,,,,
4/1/2024,Pre-Workout,Performance,163,28.21," ? 4,598.23 ",0.13,3,UK,Walmart,,,,,
4/1/2024,BCAA,Amino Acid,155,16.02," ? 2,483.10 ",0.07,4,UK,Amazon,,,,,
4/1/2024,Creatine,Performance,148,34.93," ? 5,169.64 ",0.22,2,Canada,Amazon,,,,,
4/1/2024,Zinc,Mineral,157,11.45," ? 1,797.65 ",0.23,4,Canada,Walmart,,,,,
4/1/2024,Collagen Peptides,Protein,162,52.23," ? 8,461.26 ",0.15,0,USA,Walmart,,,,,
4/1/2024,Magnesium,Mineral,146,27.56," ? 4,023.76 ",0.22,0,USA,Walmart,,,,,
4/1/2024,Ashwagandha,Herbal,144,12.58," ? 1,811.52 ",0.03,0,UK,Walmart,,,,,
4/1/2024,Melatonin,Sleep Aid,164,24.94," ? 4,090.16 ",0,2,USA,Amazon,,,,,
4/1/2024,Biotin,Vitamin,154,28.72," ? 4,422.88 ",0.05,2,USA,Walmart,,,,,
4/1/2024,Green Tea Extract,Fat Burner,162,34.34," ? 5,563.08 ",0.06,0,UK,Amazon,,,,,
4/1/2024,Iron Supplement,Mineral,159,20.81," ? 3,308.79 ",0.08,4,UK,iHerb,,,,,
4/1/2024,Electrolyte Powder,Hydration,164,33," ? 5,412.00 ",0.16,1,UK,Walmart,,,,,
4/8/2024,Whey Protein,Protein,128,39.7," ? 5,081.60 ",0.07,2,Canada,iHerb,,,,,
4/8/2024,Vitamin C,Vitamin,135,16.25," ? 2,193.75 ",0.1,0,USA,Walmart,,,,,
4/8/2024,Fish Oil,Omega,141,33.91," ? 4,781.31 ",0.14,1,USA,iHerb,,,,,
4/8/2024,Multivitamin,Vitamin,151,25.81," ? 3,897.31 ",0.21,1,USA,Amazon,,,,,
4/8/2024,Pre-Workout,Performance,144,52.26," ? 7,525.44 ",0.25,2,USA,Amazon,,,,,
4/8/2024,BCAA,Amino Acid,146,43.17," ? 6,302.82 ",0.25,2,Canada,Amazon,,,,,
4/8/2024,Creatine,Performance,167,30.35," ? 5,068.45 ",0.23,2,UK,Walmart,,,,,
4/8/2024,Zinc,Mineral,148,55.03," ? 8,144.44 ",0.14,1,Canada,Amazon,,,,,
4/8/2024,Collagen Peptides,Protein,148,14.84," ? 2,196.32 ",0.19,0,Canada,iHerb,,,,,
4/8/2024,Magnesium,Mineral,147,33.38," ? 4,906.86 ",0.21,1,Canada,Amazon,,,,,
4/8/2024,Ashwagandha,Herbal,180,11.91," ? 2,143.80 ",0.22,3,Canada,Walmart,,,,,
4/8/2024,Melatonin,Sleep Aid,150,35.25," ? 5,287.50 ",0.12,1,UK,iHerb,,,,,
4/8/2024,Biotin,Vitamin,144,32.63," ? 4,698.72 ",0.01,1,UK,Amazon,,,,,
4/8/2024,Green Tea Extract,Fat Burner,139,39.94," ? 5,551.66 ",0.19,4,UK,iHerb,,,,,
4/8/2024,Iron Supplement,Mineral,143,30.17," ? 4,314.31 ",0.12,3,Canada,Amazon,,,,,
4/8/2024,Electrolyte Powder,Hydration,152,47.13," ? 7,163.76 ",0.13,0,USA,Walmart,,,,,
4/15/2024,Whey Protein,Protein,153,52.13," ? 7,975.89 ",0.15,1,Canada,Walmart,,,,,
4/15/2024,Vitamin C,Vitamin,130,47.6," ? 6,188.00 ",0.09,0,Canada,iHerb,,,,,
4/15/2024,Fish Oil,Omega,173,41.91," ? 7,250.43 ",0.03,0,USA,Amazon,,,,,
4/15/2024,Multivitamin,Vitamin,132,15.78," ? 2,082.96 ",0.21,5,UK,Amazon,,,,,
4/15/2024,Pre-Workout,Performance,145,45.58," ? 6,609.10 ",0.23,3,UK,Walmart,,,,,
4/15/2024,BCAA,Amino Acid,125,47.73," ? 5,966.25 ",0.17,0,USA,Walmart,,,,,
4/15/2024,Creatine,Performance,150,20.94," ? 3,141.00 ",0.22,0,UK,Walmart,,,,,
4/15/2024,Zinc,Mineral,161,25.76," ? 4,147.36 ",0.18,3,USA,iHerb,,,,,
4/15/2024,Collagen Peptides,Protein,173,44.3," ? 7,663.90 ",0.15,2,USA,iHerb,,,,,
4/15/2024,Magnesium,Mineral,168,24.11," ? 4,050.48 ",0.13,0,USA,iHerb,,,,,
4/15/2024,Ashwagandha,Herbal,169,33.89," ? 5,727.41 ",0.2,1,Canada,iHerb,,,,,
4/15/2024,Melatonin,Sleep Aid,152,28.29," ? 4,300.08 ",0.03,2,USA,iHerb,,,,,
4/15/2024,Biotin,Vitamin,149,33.39," ? 4,975.11 ",0.05,3,USA,Walmart,,,,,
4/15/2024,Green Tea Extract,Fat Burner,150,25.13," ? 3,769.50 ",0.24,1,USA,Walmart,,,,,
4/15/2024,Iron Supplement,Mineral,167,59.52," ? 9,939.84 ",0.18,1,Canada,Amazon,,,,,
4/15/2024,Electrolyte Powder,Hydration,147,27.2," ? 3,998.40 ",0.19,2,Canada,iHerb,,,,,
4/22/2024,Whey Protein,Protein,162,36.63," ? 5,934.06 ",0.06,1,Canada,Walmart,,,,,
4/22/2024,Vitamin C,Vitamin,154,58.47," ? 9,004.38 ",0.23,1,USA,iHerb,,,,,
4/22/2024,Fish Oil,Omega,150,54.11," ? 8,116.50 ",0.17,1,Canada,Walmart,,,,,
4/22/2024,Multivitamin,Vitamin,148,57.97," ? 8,579.56 ",0.04,0,UK,Amazon,,,,,
4/22/2024,Pre-Workout,Performance,166,42.99," ? 7,136.34 ",0.14,0,UK,Amazon,,,,,
4/22/2024,BCAA,Amino Acid,153,26.25," ? 4,016.25 ",0.23,1,USA,Amazon,,,,,
4/22/2024,Creatine,Performance,175,25.73," ? 4,502.75 ",0.16,3,Canada,iHerb,,,,,
4/22/2024,Zinc,Mineral,150,12.01," ? 1,801.50 ",0.23,0,Canada,iHerb,,,,,
4/22/2024,Collagen Peptides,Protein,167,51.64," ? 8,623.88 ",0.17,0,UK,iHerb,,,,,
4/22/2024,Magnesium,Mineral,171,22.21," ? 3,797.91 ",0.2,0,USA,iHerb,,,,,
4/22/2024,Ashwagandha,Herbal,139,51.52," ? 7,161.28 ",0.04,1,USA,iHerb,,,,,
4/22/2024,Melatonin,Sleep Aid,158,56.78," ? 8,971.24 ",0.2,2,UK,Walmart,,,,,
4/22/2024,Biotin,Vitamin,148,45.49," ? 6,732.52 ",0.25,2,USA,iHerb,,,,,
4/22/2024,Green Tea Extract,Fat Burner,154,45.99," ? 7,082.46 ",0.14,1,Canada,Amazon,,,,,
4/22/2024,Iron Supplement,Mineral,175,21.84," ? 3,822.00 ",0.08,4,USA,Amazon,,,,,
4/22/2024,Electrolyte Powder,Hydration,167,11.92," ? 1,990.64 ",0.01,1,UK,Walmart,,,,,
4/29/2024,Whey Protein,Protein,155,41.69," ? 6,461.95 ",0.18,0,USA,Walmart,,,,,
4/29/2024,Vitamin C,Vitamin,132,17.74," ? 2,341.68 ",0.02,2,USA,Walmart,,,,,
4/29/2024,Fish Oil,Omega,162,50.85," ? 8,237.70 ",0.17,2,Canada,Walmart,,,,,
4/29/2024,Multivitamin,Vitamin,137,24.45," ? 3,349.65 ",0.24,5,Canada,Amazon,,,,,
4/29/2024,Pre-Workout,Performance,161,36," ? 5,796.00 ",0.24,2,UK,iHerb,,,,,
4/29/2024,BCAA,Amino Acid,176,26.69," ? 4,697.44 ",0.21,0,Canada,Amazon,,,,,
4/29/2024,Creatine,Performance,176,56.32," ? 9,912.32 ",0.08,2,UK,Walmart,,,,,
4/29/2024,Zinc,Mineral,149,35.22," ? 5,247.78 ",0.24,2,Canada,Walmart,,,,,
4/29/2024,Collagen Peptides,Protein,141,24.7," ? 3,482.70 ",0.09,0,Canada,Amazon,,,,,
4/29/2024,Magnesium,Mineral,169,22.95," ? 3,878.55 ",0.23,3,USA,Amazon,,,,,
4/29/2024,Ashwagandha,Herbal,135,55.65," ? 7,512.75 ",0.02,2,USA,iHerb,,,,,
4/29/2024,Melatonin,Sleep Aid,152,34.64," ? 5,265.28 ",0.17,0,USA,iHerb,,,,,
4/29/2024,Biotin,Vitamin,160,32.76," ? 5,241.60 ",0.04,3,USA,Amazon,,,,,
4/29/2024,Green Tea Extract,Fat Burner,143,31.44," ? 4,495.92 ",0.19,1,USA,Amazon,,,,,
4/29/2024,Iron Supplement,Mineral,161,19.58," ? 3,152.38 ",0.14,4,UK,Walmart,,,,,
4/29/2024,Electrolyte Powder,Hydration,128,17.83," ? 2,282.24 ",0.16,1,Canada,iHerb,,,,,
5/6/2024,Whey Protein,Protein,163,19.82," ? 3,230.66 ",0.08,2,USA,Walmart,,,,,
5/6/2024,Vitamin C,Vitamin,157,57.19," ? 8,978.83 ",0.09,2,USA,Amazon,,,,,
5/6/2024,Fish Oil,Omega,151,52.31," ? 7,898.81 ",0.2,1,Canada,iHerb,,,,,
5/6/2024,Multivitamin,Vitamin,153,44.49," ? 6,806.97 ",0.08,3,Canada,Walmart,,,,,
5/6/2024,Pre-Workout,Performance,139,23.43," ? 3,256.77 ",0.05,1,Canada,Amazon,,,,,
5/6/2024,BCAA,Amino Acid,138,22.07," ? 3,045.66 ",0.18,1,Canada,iHerb,,,,,
5/6/2024,Creatine,Performance,166,29.32," ? 4,867.12 ",0.19,4,UK,iHerb,,,,,
5/6/2024,Zinc,Mineral,139,33.32," ? 4,631.48 ",0.14,1,UK,iHerb,,,,,
5/6/2024,Collagen Peptides,Protein,164,31.91," ? 5,233.24 ",0.12,1,USA,Amazon,,,,,
5/6/2024,Magnesium,Mineral,146,39.01," ? 5,695.46 ",0.16,1,UK,Walmart,,,,,
5/6/2024,Ashwagandha,Herbal,143,16.64," ? 2,379.52 ",0.06,0,UK,Walmart,,,,,
5/6/2024,Melatonin,Sleep Aid,128,10.98," ? 1,405.44 ",0.06,2,USA,Walmart,,,,,
5/6/2024,Biotin,Vitamin,125,55.66," ? 6,957.50 ",0.2,1,USA,Amazon,,,,,
5/6/2024,Green Tea Extract,Fat Burner,172,13.63," ? 2,344.36 ",0.25,3,Canada,Amazon,,,,,
5/6/2024,Iron Supplement,Mineral,149,43.56," ? 6,490.44 ",0.05,0,Canada,iHerb,,,,,
5/6/2024,Electrolyte Powder,Hydration,149,10.5," ? 1,564.50 ",0.2,0,USA,Walmart,,,,,
5/13/2024,Whey Protein,Protein,149,44.34," ? 6,606.66 ",0.01,1,Canada,iHerb,,,,,
5/13/2024,Vitamin C,Vitamin,153,16.75," ? 2,562.75 ",0.17,1,USA,Walmart,,,,,
5/13/2024,Fish Oil,Omega,136,55.63," ? 7,565.68 ",0,2,USA,iHerb,,,,,
5/13/2024,Multivitamin,Vitamin,128,17.53," ? 2,243.84 ",0.11,2,UK,Amazon,,,,,
5/13/2024,Pre-Workout,Performance,142,30.56," ? 4,339.52 ",0.06,1,UK,iHerb,,,,,
5/13/2024,BCAA,Amino Acid,162,52.33," ? 8,477.46 ",0.08,3,USA,Walmart,,,,,
5/13/2024,Creatine,Performance,139,57.42," ? 7,981.38 ",0,1,Canada,iHerb,,,,,
5/13/2024,Zinc,Mineral,155,18.8," ? 2,914.00 ",0.24,2,Canada,Amazon,,,,,
5/13/2024,Collagen Peptides,Protein,136,49.16," ? 6,685.76 ",0.02,0,UK,Amazon,,,,,
5/13/2024,Magnesium,Mineral,153,44.34," ? 6,784.02 ",0.1,2,USA,iHerb,,,,,
5/13/2024,Ashwagandha,Herbal,157,44.31," ? 6,956.67 ",0.17,1,USA,Amazon,,,,,
5/13/2024,Melatonin,Sleep Aid,151,45.01," ? 6,796.51 ",0.25,0,Canada,iHerb,,,,,
5/13/2024,Biotin,Vitamin,126,47.15," ? 5,940.90 ",0.03,1,UK,iHerb,,,,,
5/13/2024,Green Tea Extract,Fat Burner,144,20.78," ? 2,992.32 ",0.22,2,UK,Walmart,,,,,
5/13/2024,Iron Supplement,Mineral,176,16.2," ? 2,851.20 ",0.04,5,Canada,Walmart,,,,,
5/13/2024,Electrolyte Powder,Hydration,158,45.19," ? 7,140.02 ",0.1,1,UK,Amazon,,,,,
5/20/2024,Whey Protein,Protein,136,13.19," ? 1,793.84 ",0.07,1,UK,iHerb,,,,,
5/20/2024,Vitamin C,Vitamin,136,10.59," ? 1,440.24 ",0.08,3,UK,iHerb,,,,,
5/20/2024,Fish Oil,Omega,143,33.66," ? 4,813.38 ",0.14,2,Canada,Amazon,,,,,
5/20/2024,Multivitamin,Vitamin,138,47.88," ? 6,607.44 ",0.18,0,USA,Walmart,,,,,
5/20/2024,Pre-Workout,Performance,165,20.66," ? 3,408.90 ",0.02,2,UK,iHerb,,,,,
5/20/2024,BCAA,Amino Acid,158,11.41," ? 1,802.78 ",0.1,2,USA,iHerb,,,,,
5/20/2024,Creatine,Performance,158,40.53," ? 6,403.74 ",0.03,2,Canada,iHerb,,,,,
5/20/2024,Zinc,Mineral,166,47.54," ? 7,891.64 ",0.21,2,Canada,Amazon,,,,,
5/20/2024,Collagen Peptides,Protein,141,32.54," ? 4,588.14 ",0.03,0,Canada,iHerb,,,,,
5/20/2024,Magnesium,Mineral,155,14.72," ? 2,281.60 ",0.19,3,UK,iHerb,,,,,
5/20/2024,Ashwagandha,Herbal,158,44.49," ? 7,029.42 ",0,1,Canada,Amazon,,,,,
5/20/2024,Melatonin,Sleep Aid,146,29.52," ? 4,309.92 ",0,1,UK,Amazon,,,,,
5/20/2024,Biotin,Vitamin,150,57.05," ? 8,557.50 ",0.05,0,USA,Amazon,,,,,
5/20/2024,Green Tea Extract,Fat Burner,136,10.3," ? 1,400.80 ",0.03,1,UK,Amazon,,,,,
5/20/2024,Iron Supplement,Mineral,140,27.99," ? 3,918.60 ",0.07,1,Canada,Walmart,,,,,
5/20/2024,Electrolyte Powder,Hydration,145,53.84," ? 7,806.80 ",0.1,2,UK,Walmart,,,,,
5/27/2024,Whey Protein,Protein,130,58.64," ? 7,623.20 ",0.13,1,Canada,Amazon,,,,,
5/27/2024,Vitamin C,Vitamin,138,39.52," ? 5,453.76 ",0.16,0,Canada,iHerb,,,,,
5/27/2024,Fish Oil,Omega,152,20.38," ? 3,097.76 ",0.05,1,USA,Amazon,,,,,
5/27/2024,Multivitamin,Vitamin,158,52.29," ? 8,261.82 ",0.07,3,UK,Walmart,,,,,
5/27/2024,Pre-Workout,Performance,159,14.76," ? 2,346.84 ",0.06,4,USA,Amazon,,,,,
5/27/2024,BCAA,Amino Acid,143,19.48," ? 2,785.64 ",0.2,1,Canada,Walmart,,,,,
5/27/2024,Creatine,Performance,144,31.69," ? 4,563.36 ",0.1,1,UK,Amazon,,,,,
5/27/2024,Zinc,Mineral,162,49.92," ? 8,087.04 ",0.03,3,USA,Amazon,,,,,
5/27/2024,Collagen Peptides,Protein,133,57.39," ? 7,632.87 ",0.2,1,UK,iHerb,,,,,
5/27/2024,Magnesium,Mineral,154,47.72," ? 7,348.88 ",0.06,0,UK,Amazon,,,,,
5/27/2024,Ashwagandha,Herbal,160,16.75," ? 2,680.00 ",0.08,1,UK,Amazon,,,,,
5/27/2024,Melatonin,Sleep Aid,151,55.16," ? 8,329.16 ",0.13,3,UK,Amazon,,,,,
5/27/2024,Biotin,Vitamin,147,21.63," ? 3,179.61 ",0.17,1,USA,iHerb,,,,,
5/27/2024,Green Tea Extract,Fat Burner,156,11.12," ? 1,734.72 ",0.01,1,USA,iHerb,,,,,
5/27/2024,Iron Supplement,Mineral,138,37.61," ? 5,190.18 ",0.15,1,UK,Walmart,,,,,
5/27/2024,Electrolyte Powder,Hydration,155,59.9," ? 9,284.50 ",0.21,2,UK,Amazon,,,,,
6/3/2024,Whey Protein,Protein,138,56.88," ? 7,849.44 ",0.05,1,Canada,Amazon,,,,,
6/3/2024,Vitamin C,Vitamin,135,30.33," ? 4,094.55 ",0.02,3,Canada,iHerb,,,,,
6/3/2024,Fish Oil,Omega,152,27.2," ? 4,134.40 ",0.07,1,USA,Walmart,,,,,
6/3/2024,Multivitamin,Vitamin,144,48.68," ? 7,009.92 ",0.17,1,Canada,Walmart,,,,,
6/3/2024,Pre-Workout,Performance,151,13.41," ? 2,024.91 ",0.02,2,UK,iHerb,,,,,
6/3/2024,BCAA,Amino Acid,155,47.26," ? 7,325.30 ",0.16,3,USA,Walmart,,,,,
6/3/2024,Creatine,Performance,136,14.18," ? 1,928.48 ",0.14,1,Canada,iHerb,,,,,
6/3/2024,Zinc,Mineral,146,10.22," ? 1,492.12 ",0.13,0,UK,Walmart,,,,,
6/3/2024,Collagen Peptides,Protein,159,51.58," ? 8,201.22 ",0.21,3,USA,Walmart,,,,,
6/3/2024,Magnesium,Mineral,136,10.72," ? 1,457.92 ",0.21,2,UK,iHerb,,,,,
6/3/2024,Ashwagandha,Herbal,151,14.72," ? 2,222.72 ",0.13,1,Canada,Walmart,,,,,
6/3/2024,Melatonin,Sleep Aid,144,26.26," ? 3,781.44 ",0.18,2,USA,Amazon,,,,,
6/3/2024,Biotin,Vitamin,133,49.53," ? 6,587.49 ",0.05,1,USA,Walmart,,,,,
6/3/2024,Green Tea Extract,Fat Burner,154,48.93," ? 7,535.22 ",0.07,0,UK,Walmart,,,,,
6/3/2024,Iron Supplement,Mineral,152,56.01," ? 8,513.52 ",0.22,1,USA,iHerb,,,,,
6/3/2024,Electrolyte Powder,Hydration,145,23.38," ? 3,390.10 ",0.14,2,Canada,Amazon,,,,,
6/10/2024,Whey Protein,Protein,143,33.77," ? 4,829.11 ",0.02,2,Canada,Amazon,,,,,
6/10/2024,Vitamin C,Vitamin,151,25.02," ? 3,778.02 ",0.23,0,UK,Walmart,,,,,
6/10/2024,Fish Oil,Omega,166,54.03," ? 8,968.98 ",0.18,0,USA,Amazon,,,,,
6/10/2024,Multivitamin,Vitamin,163,11.62," ? 1,894.06 ",0.03,2,USA,Walmart,,,,,
6/10/2024,Pre-Workout,Performance,156,46.01," ? 7,177.56 ",0.16,2,USA,Walmart,,,,,
6/10/2024,BCAA,Amino Acid,153,55.62," ? 8,509.86 ",0,1,UK,Amazon,,,,,
6/10/2024,Creatine,Performance,158,11.24," ? 1,775.92 ",0.02,2,UK,Walmart,,,,,
6/10/2024,Zinc,Mineral,150,22.83," ? 3,424.50 ",0.01,1,Canada,iHerb,,,,,
6/10/2024,Collagen Peptides,Protein,148,14.37," ? 2,126.76 ",0.18,3,USA,iHerb,,,,,
6/10/2024,Magnesium,Mineral,174,12.64," ? 2,199.36 ",0.19,0,Canada,iHerb,,,,,
6/10/2024,Ashwagandha,Herbal,156,46.29," ? 7,221.24 ",0.24,2,USA,iHerb,,,,,
6/10/2024,Melatonin,Sleep Aid,157,56.24," ? 8,829.68 ",0.04,3,USA,Walmart,,,,,
6/10/2024,Biotin,Vitamin,143,51.33," ? 7,340.19 ",0,3,Canada,Amazon,,,,,
6/10/2024,Green Tea Extract,Fat Burner,141,44.57," ? 6,284.37 ",0.17,1,UK,iHerb,,,,,
6/10/2024,Iron Supplement,Mineral,137,40.02," ? 5,482.74 ",0.12,0,Canada,iHerb,,,,,
6/10/2024,Electrolyte Powder,Hydration,135,53.15," ? 7,175.25 ",0.01,4,UK,iHerb,,,,,
6/17/2024,Whey Protein,Protein,138,38.85," ? 5,361.30 ",0.02,2,Canada,Walmart,,,,,
6/17/2024,Vitamin C,Vitamin,165,49.99," ? 8,248.35 ",0.1,0,USA,Amazon,,,,,
6/17/2024,Fish Oil,Omega,132,37.21," ? 4,911.72 ",0.01,1,UK,Walmart,,,,,
6/17/2024,Multivitamin,Vitamin,163,34.44," ? 5,613.72 ",0.22,0,Canada,iHerb,,,,,
6/17/2024,Pre-Workout,Performance,170,45.41," ? 7,719.70 ",0.2,2,USA,Walmart,,,,,
6/17/2024,BCAA,Amino Acid,156,27.77," ? 4,332.12 ",0.14,1,Canada,Walmart,,,,,
6/17/2024,Creatine,Performance,148,16.14," ? 2,388.72 ",0.08,3,UK,iHerb,,,,,
6/17/2024,Zinc,Mineral,146,18.76," ? 2,738.96 ",0.11,0,UK,Amazon,,,,,
6/17/2024,Collagen Peptides,Protein,135,40.37," ? 5,449.95 ",0.05,1,USA,Walmart,,,,,
6/17/2024,Magnesium,Mineral,165,10.96," ? 1,808.40 ",0.16,0,Canada,iHerb,,,,,
6/17/2024,Ashwagandha,Herbal,149,38.65," ? 5,758.85 ",0.02,3,UK,iHerb,,,,,
6/17/2024,Melatonin,Sleep Aid,154,38.13," ? 5,872.02 ",0.03,0,UK,Walmart,,,,,
6/17/2024,Biotin,Vitamin,155,39.18," ? 6,072.90 ",0.05,2,UK,Amazon,,,,,
6/17/2024,Green Tea Extract,Fat Burner,124,37.7," ? 4,674.80 ",0.16,3,Canada,Amazon,,,,,
6/17/2024,Iron Supplement,Mineral,158,12.45," ? 1,967.10 ",0.21,1,Canada,Walmart,,,,,
6/17/2024,Electrolyte Powder,Hydration,162,29.88," ? 4,840.56 ",0.18,3,Canada,Amazon,,,,,
6/24/2024,Whey Protein,Protein,130,49.65," ? 6,454.50 ",0.08,1,USA,Walmart,,,,,
6/24/2024,Vitamin C,Vitamin,121,33.85," ? 4,095.85 ",0.02,0,UK,iHerb,,,,,
6/24/2024,Fish Oil,Omega,164,41.68," ? 6,835.52 ",0.05,3,UK,Walmart,,,,,
6/24/2024,Multivitamin,Vitamin,166,55.63," ? 9,234.58 ",0.21,2,Canada,Amazon,,,,,
6/24/2024,Pre-Workout,Performance,159,23.54," ? 3,742.86 ",0.02,0,Canada,Walmart,,,,,
6/24/2024,BCAA,Amino Acid,136,21.99," ? 2,990.64 ",0.24,1,USA,Amazon,,,,,
6/24/2024,Creatine,Performance,140,20.95," ? 2,933.00 ",0.25,3,UK,Walmart,,,,,
6/24/2024,Zinc,Mineral,158,43.53," ? 6,877.74 ",0.16,1,Canada,iHerb,,,,,
6/24/2024,Collagen Peptides,Protein,160,34.47," ? 5,515.20 ",0,4,UK,Walmart,,,,,
6/24/2024,Magnesium,Mineral,159,27.08," ? 4,305.72 ",0.04,2,USA,iHerb,,,,,
6/24/2024,Ashwagandha,Herbal,175,20.65," ? 3,613.75 ",0.09,2,USA,iHerb,,,,,
6/24/2024,Melatonin,Sleep Aid,154,37.71," ? 5,807.34 ",0.09,3,UK,Amazon,,,,,
6/24/2024,Biotin,Vitamin,129,48.78," ? 6,292.62 ",0.02,2,UK,Amazon,,,,,
6/24/2024,Green Tea Extract,Fat Burner,163,10.65," ? 1,735.95 ",0.05,1,Canada,Amazon,,,,,
6/24/2024,Iron Supplement,Mineral,155,56.48," ? 8,754.40 ",0.19,1,Canada,iHerb,,,,,
6/24/2024,Electrolyte Powder,Hydration,146,58.55," ? 8,548.30 ",0.13,3,Canada,Amazon,,,,,
7/1/2024,Whey Protein,Protein,144,12.69," ? 1,827.36 ",0.25,3,UK,iHerb,,,,,
7/1/2024,Vitamin C,Vitamin,145,47.61," ? 6,903.45 ",0.23,1,USA,Amazon,,,,,
7/1/2024,Fish Oil,Omega,149,48.93," ? 7,290.57 ",0.1,3,UK,iHerb,,,,,
7/1/2024,Multivitamin,Vitamin,138,34.66," ? 4,783.08 ",0.11,1,UK,Amazon,,,,,
7/1/2024,Pre-Workout,Performance,152,18.76," ? 2,851.52 ",0.19,1,UK,Amazon,,,,,
7/1/2024,BCAA,Amino Acid,150,55.48," ? 8,322.00 ",0.18,0,UK,Amazon,,,,,
7/1/2024,Creatine,Performance,149,37.37," ? 5,568.13 ",0.11,1,UK,Amazon,,,,,
7/1/2024,Zinc,Mineral,156,15.25," ? 2,379.00 ",0.01,1,UK,iHerb,,,,,
7/1/2024,Collagen Peptides,Protein,146,24.64," ? 3,597.44 ",0.25,1,UK,iHerb,,,,,
7/1/2024,Magnesium,Mineral,148,23.03," ? 3,408.44 ",0.01,1,Canada,Walmart,,,,,
7/1/2024,Ashwagandha,Herbal,159,28.4," ? 4,515.60 ",0,3,USA,Amazon,,,,,
7/1/2024,Melatonin,Sleep Aid,161,28.24," ? 4,546.64 ",0.24,1,USA,Amazon,,,,,
7/1/2024,Biotin,Vitamin,151,39.81," ? 6,011.31 ",0.24,6,UK,Walmart,,,,,
7/1/2024,Green Tea Extract,Fat Burner,160,34.72," ? 5,555.20 ",0.09,5,UK,iHerb,,,,,
7/1/2024,Iron Supplement,Mineral,158,10.61," ? 1,676.38 ",0.13,5,UK,Amazon,,,,,
7/1/2024,Electrolyte Powder,Hydration,151,11.1," ? 1,676.10 ",0.09,3,USA,Walmart,,,,,
7/8/2024,Whey Protein,Protein,158,39.53," ? 6,245.74 ",0.13,2,Canada,Walmart,,,,,
7/8/2024,Vitamin C,Vitamin,147,16.08," ? 2,363.76 ",0.07,3,Canada,Walmart,,,,,
7/8/2024,Fish Oil,Omega,169,11.58," ? 1,957.02 ",0.23,2,UK,iHerb,,,,,
7/8/2024,Multivitamin,Vitamin,147,31.49," ? 4,629.03 ",0.12,3,USA,Walmart,,,,,
7/8/2024,Pre-Workout,Performance,136,10.14," ? 1,379.04 ",0.08,0,UK,Walmart,,,,,
7/8/2024,BCAA,Amino Acid,139,21.36," ? 2,969.04 ",0.08,0,UK,Amazon,,,,,
7/8/2024,Creatine,Performance,154,14.85," ? 2,286.90 ",0.15,6,Canada,Amazon,,,,,
7/8/2024,Zinc,Mineral,176,49.77," ? 8,759.52 ",0.09,0,Canada,Amazon,,,,,
7/8/2024,Collagen Peptides,Protein,142,36.16," ? 5,134.72 ",0.17,2,Canada,iHerb,,,,,
7/8/2024,Magnesium,Mineral,140,25.42," ? 3,558.80 ",0.09,7,UK,iHerb,,,,,
7/8/2024,Ashwagandha,Herbal,157,29.49," ? 4,629.93 ",0.12,1,UK,Walmart,,,,,
7/8/2024,Melatonin,Sleep Aid,163,24.78," ? 4,039.14 ",0.19,3,UK,Walmart,,,,,
7/8/2024,Biotin,Vitamin,147,12.94," ? 1,902.18 ",0.13,0,UK,Amazon,,,,,
7/8/2024,Green Tea Extract,Fat Burner,143,54.8," ? 7,836.40 ",0.03,2,UK,iHerb,,,,,
7/8/2024,Iron Supplement,Mineral,150,42.58," ? 6,387.00 ",0.15,1,USA,Walmart,,,,,
7/8/2024,Electrolyte Powder,Hydration,172,59.53," ? 10,239.16 ",0.13,0,UK,Walmart,,,,,
7/15/2024,Whey Protein,Protein,149,39.86," ? 5,939.14 ",0.17,1,Canada,iHerb,,,,,
7/15/2024,Vitamin C,Vitamin,131,14.07," ? 1,843.17 ",0.17,2,Canada,Amazon,,,,,
7/15/2024,Fish Oil,Omega,183,36.62," ? 6,701.46 ",0.14,4,Canada,iHerb,,,,,
7/15/2024,Multivitamin,Vitamin,154,31.82," ? 4,900.28 ",0.16,2,UK,Walmart,,,,,
7/15/2024,Pre-Workout,Performance,165,57.58," ? 9,500.70 ",0.01,5,UK,iHerb,,,,,
7/15/2024,BCAA,Amino Acid,165,46.75," ? 7,713.75 ",0.02,0,UK,iHerb,,,,,
7/15/2024,Creatine,Performance,131,37.37," ? 4,895.47 ",0.05,3,UK,Amazon,,,,,
7/15/2024,Zinc,Mineral,148,42.64," ? 6,310.72 ",0.08,1,Canada,Walmart,,,,,
7/15/2024,Collagen Peptides,Protein,144,39.31," ? 5,660.64 ",0.06,2,UK,iHerb,,,,,
7/15/2024,Magnesium,Mineral,124,31.96," ? 3,963.04 ",0.18,3,Canada,iHerb,,,,,
7/15/2024,Ashwagandha,Herbal,159,17.55," ? 2,790.45 ",0.2,1,UK,Walmart,,,,,
7/15/2024,Melatonin,Sleep Aid,128,24.59," ? 3,147.52 ",0.01,3,Canada,Amazon,,,,,
7/15/2024,Biotin,Vitamin,149,45.82," ? 6,827.18 ",0.22,0,USA,iHerb,,,,,
7/15/2024,Green Tea Extract,Fat Burner,157,20.5," ? 3,218.50 ",0.12,0,UK,Amazon,,,,,
7/15/2024,Iron Supplement,Mineral,159,15.41," ? 2,450.19 ",0.2,2,Canada,Amazon,,,,,
7/15/2024,Electrolyte Powder,Hydration,144,10," ? 1,440.00 ",0.23,1,Canada,iHerb,,,,,
7/22/2024,Whey Protein,Protein,154,38.07," ? 5,862.78 ",0.21,2,USA,iHerb,,,,,
7/22/2024,Vitamin C,Vitamin,169,18.56," ? 3,136.64 ",0.23,2,Canada,Walmart,,,,,
7/22/2024,Fish Oil,Omega,128,21.95," ? 2,809.60 ",0.16,2,UK,iHerb,,,,,
7/22/2024,Multivitamin,Vitamin,157,40.39," ? 6,341.23 ",0.24,5,Canada,iHerb,,,,,
7/22/2024,Pre-Workout,Performance,155,20.02," ? 3,103.10 ",0.06,4,UK,Amazon,,,,,
7/22/2024,BCAA,Amino Acid,134,31.03," ? 4,158.02 ",0.15,1,Canada,Amazon,,,,,
7/22/2024,Creatine,Performance,142,55.75," ? 7,916.50 ",0.1,1,Canada,Amazon,,,,,
7/22/2024,Zinc,Mineral,157,29.11," ? 4,570.27 ",0.1,1,Canada,Amazon,,,,,
7/22/2024,Collagen Peptides,Protein,140,44.32," ? 6,204.80 ",0.19,2,Canada,Amazon,,,,,
7/22/2024,Magnesium,Mineral,145,10.33," ? 1,497.85 ",0.12,2,UK,iHerb,,,,,
7/22/2024,Ashwagandha,Herbal,155,42.23," ? 6,545.65 ",0.23,2,Canada,Walmart,,,,,
7/22/2024,Melatonin,Sleep Aid,158,11.87," ? 1,875.46 ",0.09,2,UK,iHerb,,,,,
7/22/2024,Biotin,Vitamin,162,58," ? 9,396.00 ",0.07,2,UK,Amazon,,,,,
7/22/2024,Green Tea Extract,Fat Burner,147,50.13," ? 7,369.11 ",0.07,0,USA,iHerb,,,,,
7/22/2024,Iron Supplement,Mineral,151,49.86," ? 7,528.86 ",0.24,0,USA,iHerb,,,,,
7/22/2024,Electrolyte Powder,Hydration,153,59.29," ? 9,071.37 ",0.24,2,USA,Amazon,,,,,
7/29/2024,Whey Protein,Protein,151,29.21," ? 4,410.71 ",0.15,2,Canada,iHerb,,,,,
7/29/2024,Vitamin C,Vitamin,155,31.46," ? 4,876.30 ",0.18,0,Canada,iHerb,,,,,
7/29/2024,Fish Oil,Omega,136,54.54," ? 7,417.44 ",0.02,2,UK,Walmart,,,,,
7/29/2024,Multivitamin,Vitamin,140,55.8," ? 7,812.00 ",0.15,0,Canada,Amazon,,,,,
7/29/2024,Pre-Workout,Performance,142,31.36," ? 4,453.12 ",0.15,1,Canada,Amazon,,,,,
7/29/2024,BCAA,Amino Acid,146,44.31," ? 6,469.26 ",0.18,1,USA,Walmart,,,,,
7/29/2024,Creatine,Performance,161,56.03," ? 9,020.83 ",0.04,1,Canada,iHerb,,,,,
7/29/2024,Zinc,Mineral,165,10.17," ? 1,678.05 ",0.22,1,Canada,Walmart,,,,,
7/29/2024,Collagen Peptides,Protein,147,52.41," ? 7,704.27 ",0.08,3,UK,iHerb,,,,,
7/29/2024,Magnesium,Mineral,154,26.28," ? 4,047.12 ",0.06,2,UK,Walmart,,,,,
7/29/2024,Ashwagandha,Herbal,148,34.58," ? 5,117.84 ",0.13,1,Canada,Walmart,,,,,
7/29/2024,Melatonin,Sleep Aid,161,23.47," ? 3,778.67 ",0.22,2,Canada,Walmart,,,,,
7/29/2024,Biotin,Vitamin,153,45.94," ? 7,028.82 ",0.08,0,USA,Amazon,,,,,
7/29/2024,Green Tea Extract,Fat Burner,162,46.09," ? 7,466.58 ",0.02,1,Canada,Walmart,,,,,
7/29/2024,Iron Supplement,Mineral,126,42.66," ? 5,375.16 ",0.04,1,USA,Walmart,,,,,
7/29/2024,Electrolyte Powder,Hydration,173,50.13," ? 8,672.49 ",0.23,5,UK,Amazon,,,,,
8/5/2024,Whey Protein,Protein,168,58.13," ? 9,765.84 ",0.2,3,UK,Walmart,,,,,
8/5/2024,Vitamin C,Vitamin,161,14.08," ? 2,266.88 ",0.06,4,Canada,Walmart,,,,,
8/5/2024,Fish Oil,Omega,150,52," ? 7,800.00 ",0.02,1,Canada,Amazon,,,,,
8/5/2024,Multivitamin,Vitamin,145,25.38," ? 3,680.10 ",0.05,0,Canada,Walmart,,,,,
8/5/2024,Pre-Workout,Performance,155,35.44," ? 5,493.20 ",0.07,0,Canada,Amazon,,,,,
8/5/2024,BCAA,Amino Acid,144,40.07," ? 5,770.08 ",0.19,1,UK,Amazon,,,,,
8/5/2024,Creatine,Performance,155,58.03," ? 8,994.65 ",0.04,6,Canada,iHerb,,,,,
8/5/2024,Zinc,Mineral,146,38.62," ? 5,638.52 ",0.12,2,UK,iHerb,,,,,
8/5/2024,Collagen Peptides,Protein,146,34.44," ? 5,028.24 ",0.13,0,USA,iHerb,,,,,
8/5/2024,Magnesium,Mineral,174,30.46," ? 5,300.04 ",0.04,2,Canada,Walmart,,,,,
8/5/2024,Ashwagandha,Herbal,143,21.23," ? 3,035.89 ",0.01,2,Canada,Amazon,,,,,
8/5/2024,Melatonin,Sleep Aid,155,12.37," ? 1,917.35 ",0.22,0,UK,iHerb,,,,,
8/5/2024,Biotin,Vitamin,173,27.02," ? 4,674.46 ",0.19,3,USA,iHerb,,,,,
8/5/2024,Green Tea Extract,Fat Burner,145,31.66," ? 4,590.70 ",0.23,2,USA,iHerb,,,,,
8/5/2024,Iron Supplement,Mineral,140,21.52," ? 3,012.80 ",0.07,0,Canada,iHerb,,,,,
8/5/2024,Electrolyte Powder,Hydration,156,29.37," ? 4,581.72 ",0.16,1,UK,Amazon,,,,,
8/12/2024,Whey Protein,Protein,126,16.3," ? 2,053.80 ",0.21,2,UK,Walmart,,,,,
8/12/2024,Vitamin C,Vitamin,126,23.93," ? 3,015.18 ",0.14,1,Canada,iHerb,,,,,
8/12/2024,Fish Oil,Omega,149,16.89," ? 2,516.61 ",0.19,3,UK,Amazon,,,,,
8/12/2024,Multivitamin,Vitamin,176,47," ? 8,272.00 ",0.18,4,UK,iHerb,,,,,
8/12/2024,Pre-Workout,Performance,141,12.73," ? 1,794.93 ",0.16,1,Canada,Walmart,,,,,
8/12/2024,BCAA,Amino Acid,160,28.24," ? 4,518.40 ",0.13,0,UK,Walmart,,,,,
8/12/2024,Creatine,Performance,147,19.16," ? 2,816.52 ",0.22,0,Canada,Walmart,,,,,
8/12/2024,Zinc,Mineral,155,55.6," ? 8,618.00 ",0.2,0,UK,Amazon,,,,,
8/12/2024,Collagen Peptides,Protein,163,56.12," ? 9,147.56 ",0.18,3,USA,Amazon,,,,,
8/12/2024,Magnesium,Mineral,130,51.06," ? 6,637.80 ",0.22,0,UK,iHerb,,,,,
8/12/2024,Ashwagandha,Herbal,175,40.73," ? 7,127.75 ",0.17,0,UK,Walmart,,,,,
8/12/2024,Melatonin,Sleep Aid,146,48.13," ? 7,026.98 ",0.21,2,USA,iHerb,,,,,
8/12/2024,Biotin,Vitamin,136,45.04," ? 6,125.44 ",0.14,2,USA,Amazon,,,,,
8/12/2024,Green Tea Extract,Fat Burner,162,16.23," ? 2,629.26 ",0.23,2,UK,Walmart,,,,,
8/12/2024,Iron Supplement,Mineral,154,56.58," ? 8,713.32 ",0.14,1,Canada,iHerb,,,,,
8/12/2024,Electrolyte Powder,Hydration,147,30.79," ? 4,526.13 ",0.22,1,USA,iHerb,,,,,
8/19/2024,Whey Protein,Protein,163,51.22," ? 8,348.86 ",0.18,3,UK,iHerb,,,,,
8/19/2024,Vitamin C,Vitamin,146,52.12," ? 7,609.52 ",0.12,0,USA,Walmart,,,,,
8/19/2024,Fish Oil,Omega,133,47.55," ? 6,324.15 ",0.18,0,USA,Amazon,,,,,
8/19/2024,Multivitamin,Vitamin,164,49.65," ? 8,142.60 ",0.12,2,USA,Walmart,,,,,
8/19/2024,Pre-Workout,Performance,146,52.07," ? 7,602.22 ",0.01,4,USA,iHerb,,,,,
8/19/2024,BCAA,Amino Acid,155,41.4," ? 6,417.00 ",0.03,1,USA,Amazon,,,,,
8/19/2024,Creatine,Performance,158,42.62," ? 6,733.96 ",0.05,1,USA,Amazon,,,,,
8/19/2024,Zinc,Mineral,155,38.25," ? 5,928.75 ",0.15,1,USA,iHerb,,,,,
8/19/2024,Collagen Peptides,Protein,163,30.66," ? 4,997.58 ",0.19,5,Canada,Amazon,,,,,
8/19/2024,Magnesium,Mineral,136,53.92," ? 7,333.12 ",0.09,1,Canada,iHerb,,,,,
8/19/2024,Ashwagandha,Herbal,149,23.04," ? 3,432.96 ",0.01,0,USA,iHerb,,,,,
8/19/2024,Melatonin,Sleep Aid,148,48.23," ? 7,138.04 ",0.03,3,Canada,Walmart,,,,,
8/19/2024,Biotin,Vitamin,168,46.98," ? 7,892.64 ",0.03,1,Canada,iHerb,,,,,
8/19/2024,Green Tea Extract,Fat Burner,144,48.97," ? 7,051.68 ",0.23,2,Canada,Amazon,,,,,
8/19/2024,Iron Supplement,Mineral,156,40.27," ? 6,282.12 ",0.02,3,Canada,Walmart,,,,,
8/19/2024,Electrolyte Powder,Hydration,151,56," ? 8,456.00 ",0.12,3,UK,iHerb,,,,,
8/26/2024,Whey Protein,Protein,165,13.07," ? 2,156.55 ",0.06,3,USA,Amazon,,,,,
8/26/2024,Vitamin C,Vitamin,168,32," ? 5,376.00 ",0.04,4,UK,iHerb,,,,,
8/26/2024,Fish Oil,Omega,139,43.04," ? 5,982.56 ",0.06,3,USA,Amazon,,,,,
8/26/2024,Multivitamin,Vitamin,150,18.17," ? 2,725.50 ",0.12,1,USA,Amazon,,,,,
8/26/2024,Pre-Workout,Performance,168,58.81," ? 9,880.08 ",0.16,0,USA,Walmart,,,,,
8/26/2024,BCAA,Amino Acid,121,21.74," ? 2,630.54 ",0.08,0,Canada,Walmart,,,,,
8/26/2024,Creatine,Performance,155,13.9," ? 2,154.50 ",0.13,2,USA,Amazon,,,,,
8/26/2024,Zinc,Mineral,129,38.92," ? 5,020.68 ",0.24,0,UK,Amazon,,,,,
8/26/2024,Collagen Peptides,Protein,152,11.18," ? 1,699.36 ",0.23,2,UK,Amazon,,,,,
8/26/2024,Magnesium,Mineral,130,12.54," ? 1,630.20 ",0.15,1,UK,Amazon,,,,,
8/26/2024,Ashwagandha,Herbal,150,36.59," ? 5,488.50 ",0.13,0,USA,iHerb,,,,,
8/26/2024,Melatonin,Sleep Aid,142,55.01," ? 7,811.42 ",0.18,5,UK,iHerb,,,,,
8/26/2024,Biotin,Vitamin,143,40.15," ? 5,741.45 ",0.11,0,Canada,Amazon,,,,,
8/26/2024,Green Tea Extract,Fat Burner,140,44.81," ? 6,273.40 ",0.24,2,USA,iHerb,,,,,
8/26/2024,Iron Supplement,Mineral,142,29.22," ? 4,149.24 ",0.21,2,UK,Walmart,,,,,
8/26/2024,Electrolyte Powder,Hydration,153,56.9," ? 8,705.70 ",0.16,4,USA,Amazon,,,,,
9/2/2024,Whey Protein,Protein,153,50.66," ? 7,750.98 ",0.08,4,UK,Walmart,,,,,
9/2/2024,Vitamin C,Vitamin,185,42.41," ? 7,845.85 ",0.14,3,USA,Amazon,,,,,
9/2/2024,Fish Oil,Omega,166,50.8," ? 8,432.80 ",0.08,1,UK,Amazon,,,,,
9/2/2024,Multivitamin,Vitamin,147,19.36," ? 2,845.92 ",0.17,1,USA,Amazon,,,,,
9/2/2024,Pre-Workout,Performance,161,43.4," ? 6,987.40 ",0.16,4,Canada,Amazon,,,,,
9/2/2024,BCAA,Amino Acid,158,55.23," ? 8,726.34 ",0.17,1,USA,iHerb,,,,,
9/2/2024,Creatine,Performance,166,31.22," ? 5,182.52 ",0.18,3,USA,Amazon,,,,,
9/2/2024,Zinc,Mineral,144,15.48," ? 2,229.12 ",0.06,3,UK,Amazon,,,,,
9/2/2024,Collagen Peptides,Protein,145,43.3," ? 6,278.50 ",0.2,0,USA,iHerb,,,,,
9/2/2024,Magnesium,Mineral,143,28.24," ? 4,038.32 ",0.25,3,UK,iHerb,,,,,
9/2/2024,Ashwagandha,Herbal,149,27.38," ? 4,079.62 ",0.2,0,UK,Amazon,,,,,
9/2/2024,Melatonin,Sleep Aid,160,15.37," ? 2,459.20 ",0.07,1,UK,iHerb,,,,,
9/2/2024,Biotin,Vitamin,159,42.98," ? 6,833.82 ",0.18,2,Canada,Amazon,,,,,
9/2/2024,Green Tea Extract,Fat Burner,160,39.36," ? 6,297.60 ",0.24,2,USA,iHerb,,,,,
9/2/2024,Iron Supplement,Mineral,154,26.66," ? 4,105.64 ",0.18,3,Canada,iHerb,,,,,
9/2/2024,Electrolyte Powder,Hydration,139,52.62," ? 7,314.18 ",0.21,3,UK,Amazon,,,,,
9/9/2024,Whey Protein,Protein,175,42.82," ? 7,493.50 ",0.1,1,USA,Amazon,,,,,
9/9/2024,Vitamin C,Vitamin,148,35.07," ? 5,190.36 ",0.2,2,UK,iHerb,,,,,
9/9/2024,Fish Oil,Omega,148,50.92," ? 7,536.16 ",0.14,3,Canada,Amazon,,,,,
9/9/2024,Multivitamin,Vitamin,158,47.73," ? 7,541.34 ",0.01,0,USA,iHerb,,,,,
9/9/2024,Pre-Workout,Performance,129,21.77," ? 2,808.33 ",0.25,1,USA,iHerb,,,,,
9/9/2024,BCAA,Amino Acid,156,26.09," ? 4,070.04 ",0.08,2,USA,Walmart,,,,,
9/9/2024,Creatine,Performance,149,39.6," ? 5,900.40 ",0.19,0,UK,Walmart,,,,,
9/9/2024,Zinc,Mineral,161,43.45," ? 6,995.45 ",0.08,1,USA,iHerb,,,,,
9/9/2024,Collagen Peptides,Protein,150,35.37," ? 5,305.50 ",0.01,3,UK,iHerb,,,,,
9/9/2024,Magnesium,Mineral,163,40.49," ? 6,599.87 ",0.14,6,USA,Amazon,,,,,
9/9/2024,Ashwagandha,Herbal,142,39.07," ? 5,547.94 ",0.24,2,USA,Walmart,,,,,
9/9/2024,Melatonin,Sleep Aid,138,45.56," ? 6,287.28 ",0.19,0,UK,iHerb,,,,,
9/9/2024,Biotin,Vitamin,150,53.75," ? 8,062.50 ",0.04,2,USA,iHerb,,,,,
9/9/2024,Green Tea Extract,Fat Burner,141,57.03," ? 8,041.23 ",0.06,0,UK,Walmart,,,,,
9/9/2024,Iron Supplement,Mineral,127,42.09," ? 5,345.43 ",0.08,2,USA,iHerb,,,,,
9/9/2024,Electrolyte Powder,Hydration,174,29.96," ? 5,213.04 ",0.19,0,Canada,iHerb,,,,,
9/16/2024,Whey Protein,Protein,143,32.74," ? 4,681.82 ",0.14,0,UK,iHerb,,,,,
9/16/2024,Vitamin C,Vitamin,139,31.74," ? 4,411.86 ",0.01,1,USA,Amazon,,,,,
9/16/2024,Fish Oil,Omega,151,46.62," ? 7,039.62 ",0.02,0,USA,iHerb,,,,,
9/16/2024,Multivitamin,Vitamin,143,32.84," ? 4,696.12 ",0.25,1,UK,Walmart,,,,,
9/16/2024,Pre-Workout,Performance,159,52.5," ? 8,347.50 ",0.05,2,UK,iHerb,,,,,
9/16/2024,BCAA,Amino Acid,167,27.34," ? 4,565.78 ",0.24,3,Canada,iHerb,,,,,
9/16/2024,Creatine,Performance,142,30.22," ? 4,291.24 ",0.12,1,USA,Amazon,,,,,
9/16/2024,Zinc,Mineral,142,48.93," ? 6,948.06 ",0.22,0,UK,Walmart,,,,,
9/16/2024,Collagen Peptides,Protein,163,31.37," ? 5,113.31 ",0.23,1,UK,Amazon,,,,,
9/16/2024,Magnesium,Mineral,138,33.65," ? 4,643.70 ",0.19,6,USA,Walmart,,,,,
9/16/2024,Ashwagandha,Herbal,159,13.81," ? 2,195.79 ",0.23,1,UK,Walmart,,,,,
9/16/2024,Melatonin,Sleep Aid,171,45.76," ? 7,824.96 ",0.18,6,Canada,iHerb,,,,,
9/16/2024,Biotin,Vitamin,160,37.86," ? 6,057.60 ",0.09,0,Canada,Amazon,,,,,
9/16/2024,Green Tea Extract,Fat Burner,140,37.44," ? 5,241.60 ",0.23,3,Canada,Walmart,,,,,
9/16/2024,Iron Supplement,Mineral,124,22.26," ? 2,760.24 ",0.06,0,USA,Walmart,,,,,
9/16/2024,Electrolyte Powder,Hydration,146,38.91," ? 5,680.86 ",0.14,1,UK,iHerb,,,,,
9/23/2024,Whey Protein,Protein,158,27.31," ? 4,314.98 ",0.02,1,Canada,iHerb,,,,,
9/23/2024,Vitamin C,Vitamin,134,17.8," ? 2,385.20 ",0.12,0,USA,Amazon,,,,,
9/23/2024,Fish Oil,Omega,159,37.74," ? 6,000.66 ",0.04,0,UK,Amazon,,,,,
9/23/2024,Multivitamin,Vitamin,166,14.95," ? 2,481.70 ",0.17,2,USA,Walmart,,,,,
9/23/2024,Pre-Workout,Performance,149,54.35," ? 8,098.15 ",0.06,1,Canada,Walmart,,,,,
9/23/2024,BCAA,Amino Acid,144,55.82," ? 8,038.08 ",0.21,2,USA,iHerb,,,,,
9/23/2024,Creatine,Performance,167,57.29," ? 9,567.43 ",0.13,0,Canada,Walmart,,,,,
9/23/2024,Zinc,Mineral,148,30.02," ? 4,442.96 ",0.23,1,UK,Amazon,,,,,
9/23/2024,Collagen Peptides,Protein,150,48.05," ? 7,207.50 ",0.18,1,Canada,iHerb,,,,,
9/23/2024,Magnesium,Mineral,132,16.55," ? 2,184.60 ",0.07,0,Canada,Amazon,,,,,
9/23/2024,Ashwagandha,Herbal,161,30.7," ? 4,942.70 ",0.08,3,UK,iHerb,,,,,
9/23/2024,Melatonin,Sleep Aid,169,10.45," ? 1,766.05 ",0.2,1,USA,iHerb,,,,,
9/23/2024,Biotin,Vitamin,151,55.73," ? 8,415.23 ",0.14,1,USA,Amazon,,,,,
9/23/2024,Green Tea Extract,Fat Burner,142,49.83," ? 7,075.86 ",0.11,0,Canada,Walmart,,,,,
9/23/2024,Iron Supplement,Mineral,131,33.25," ? 4,355.75 ",0.16,1,UK,Amazon,,,,,
9/23/2024,Electrolyte Powder,Hydration,135,55.34," ? 7,470.90 ",0.04,2,Canada,iHerb,,,,,
9/30/2024,Whey Protein,Protein,153,17.53," ? 2,682.09 ",0.24,2,Canada,iHerb,,,,,
9/30/2024,Vitamin C,Vitamin,164,46.97," ? 7,703.08 ",0.2,1,UK,Walmart,,,,,
9/30/2024,Fish Oil,Omega,146,14.67," ? 2,141.82 ",0.18,0,USA,iHerb,,,,,
9/30/2024,Multivitamin,Vitamin,138,14.92," ? 2,058.96 ",0.24,3,Canada,Amazon,,,,,
9/30/2024,Pre-Workout,Performance,154,54.38," ? 8,374.52 ",0.06,3,UK,Amazon,,,,,
9/30/2024,BCAA,Amino Acid,138,37.91," ? 5,231.58 ",0.18,0,UK,iHerb,,,,,
9/30/2024,Creatine,Performance,142,27.87," ? 3,957.54 ",0.19,2,Canada,iHerb,,,,,
9/30/2024,Zinc,Mineral,140,41.45," ? 5,803.00 ",0.11,0,Canada,Amazon,,,,,
9/30/2024,Collagen Peptides,Protein,144,15.41," ? 2,219.04 ",0.14,2,USA,iHerb,,,,,
9/30/2024,Magnesium,Mineral,153,16.38," ? 2,506.14 ",0.11,2,UK,Walmart,,,,,
9/30/2024,Ashwagandha,Herbal,156,46.45," ? 7,246.20 ",0.16,0,Canada,Walmart,,,,,
9/30/2024,Melatonin,Sleep Aid,157,59.67," ? 9,368.19 ",0.17,2,UK,iHerb,,,,,
9/30/2024,Biotin,Vitamin,150,59.84," ? 8,976.00 ",0.19,2,UK,iHerb,,,,,
9/30/2024,Green Tea Extract,Fat Burner,129,45.43," ? 5,860.47 ",0.19,0,USA,Amazon,,,,,
9/30/2024,Iron Supplement,Mineral,155,48.01," ? 7,441.55 ",0.06,2,USA,iHerb,,,,,
9/30/2024,Electrolyte Powder,Hydration,142,41.67," ? 5,917.14 ",0.03,2,USA,iHerb,,,,,
10/7/2024,Whey Protein,Protein,140,27.68," ? 3,875.20 ",0.23,2,Canada,Amazon,,,,,
10/7/2024,Vitamin C,Vitamin,128,26.87," ? 3,439.36 ",0.2,1,USA,iHerb,,,,,
10/7/2024,Fish Oil,Omega,157,58.78," ? 9,228.46 ",0.23,1,USA,iHerb,,,,,
10/7/2024,Multivitamin,Vitamin,158,54.94," ? 8,680.52 ",0.02,1,USA,iHerb,,,,,
10/7/2024,Pre-Workout,Performance,143,18.46," ? 2,639.78 ",0.12,2,UK,Amazon,,,,,
10/7/2024,BCAA,Amino Acid,150,13.32," ? 1,998.00 ",0.22,4,UK,Walmart,,,,,
10/7/2024,Creatine,Performance,154,16.57," ? 2,551.78 ",0.2,0,Canada,Amazon,,,,,
10/7/2024,Zinc,Mineral,147,39.28," ? 5,774.16 ",0.08,2,UK,iHerb,,,,,
10/7/2024,Collagen Peptides,Protein,145,41.69," ? 6,045.05 ",0.05,1,UK,Walmart,,,,,
10/7/2024,Magnesium,Mineral,164,36.79," ? 6,033.56 ",0.16,1,USA,Amazon,,,,,
10/7/2024,Ashwagandha,Herbal,142,20.74," ? 2,945.08 ",0.07,0,Canada,Amazon,,,,,
10/7/2024,Melatonin,Sleep Aid,143,58.09," ? 8,306.87 ",0.15,2,Canada,Amazon,,,,,
10/7/2024,Biotin,Vitamin,121,50.73," ? 6,138.33 ",0.16,0,UK,Walmart,,,,,
10/7/2024,Green Tea Extract,Fat Burner,147,52.18," ? 7,670.46 ",0.02,2,USA,iHerb,,,,,
10/7/2024,Iron Supplement,Mineral,162,45.48," ? 7,367.76 ",0.19,2,USA,Walmart,,,,,
10/7/2024,Electrolyte Powder,Hydration,131,49.82," ? 6,526.42 ",0.06,0,UK,Walmart,,,,,
10/14/2024,Whey Protein,Protein,146,16.33," ? 2,384.18 ",0.17,0,UK,iHerb,,,,,
10/14/2024,Vitamin C,Vitamin,132,14.18," ? 1,871.76 ",0.21,3,UK,Walmart,,,,,
10/14/2024,Fish Oil,Omega,160,36.16," ? 5,785.60 ",0.05,1,USA,iHerb,,,,,
10/14/2024,Multivitamin,Vitamin,150,14.73," ? 2,209.50 ",0.07,3,Canada,iHerb,,,,,
10/14/2024,Pre-Workout,Performance,147,59.57," ? 8,756.79 ",0.13,1,Canada,Walmart,,,,,
10/14/2024,BCAA,Amino Acid,161,22.6," ? 3,638.60 ",0.2,1,UK,Walmart,,,,,
10/14/2024,Creatine,Performance,138,46.64," ? 6,436.32 ",0.03,1,Canada,iHerb,,,,,
10/14/2024,Zinc,Mineral,139,48.17," ? 6,695.63 ",0.18,2,USA,Amazon,,,,,
10/14/2024,Collagen Peptides,Protein,139,17.32," ? 2,407.48 ",0.1,0,Canada,Walmart,,,,,
10/14/2024,Magnesium,Mineral,159,38.71," ? 6,154.89 ",0.02,3,Canada,iHerb,,,,,
10/14/2024,Ashwagandha,Herbal,185,45.23," ? 8,367.55 ",0.21,2,Canada,Amazon,,,,,
10/14/2024,Melatonin,Sleep Aid,143,35.61," ? 5,092.23 ",0.1,3,Canada,iHerb,,,,,
10/14/2024,Biotin,Vitamin,159,39.28," ? 6,245.52 ",0.17,0,USA,Walmart,,,,,
10/14/2024,Green Tea Extract,Fat Burner,145,38.36," ? 5,562.20 ",0.05,0,USA,iHerb,,,,,
10/14/2024,Iron Supplement,Mineral,151,26.72," ? 4,034.72 ",0.16,0,USA,Amazon,,,,,
10/14/2024,Electrolyte Powder,Hydration,135,13.09," ? 1,767.15 ",0.22,0,USA,Amazon,,,,,
10/21/2024,Whey Protein,Protein,156,29.99," ? 4,678.44 ",0.19,1,USA,Walmart,,,,,
10/21/2024,Vitamin C,Vitamin,158,39.65," ? 6,264.70 ",0.19,2,UK,iHerb,,,,,
10/21/2024,Fish Oil,Omega,154,57.45," ? 8,847.30 ",0.09,2,UK,Walmart,,,,,
10/21/2024,Multivitamin,Vitamin,130,30.6," ? 3,978.00 ",0.21,1,UK,Walmart,,,,,
10/21/2024,Pre-Workout,Performance,159,33.22," ? 5,281.98 ",0.23,1,USA,iHerb,,,,,
10/21/2024,BCAA,Amino Acid,157,33," ? 5,181.00 ",0.17,1,UK,iHerb,,,,,
10/21/2024,Creatine,Performance,159,29.79," ? 4,736.61 ",0.16,3,Canada,Amazon,,,,,
10/21/2024,Zinc,Mineral,161,27.95," ? 4,499.95 ",0.03,1,UK,Amazon,,,,,
10/21/2024,Collagen Peptides,Protein,178,36.84," ? 6,557.52 ",0.16,2,Canada,iHerb,,,,,
10/21/2024,Magnesium,Mineral,155,27.97," ? 4,335.35 ",0.04,0,USA,Walmart,,,,,
10/21/2024,Ashwagandha,Herbal,130,41.41," ? 5,383.30 ",0.22,2,USA,iHerb,,,,,
10/21/2024,Melatonin,Sleep Aid,141,19.65," ? 2,770.65 ",0.24,1,Canada,Amazon,,,,,
10/21/2024,Biotin,Vitamin,137,29.76," ? 4,077.12 ",0.22,1,UK,Amazon,,,,,
10/21/2024,Green Tea Extract,Fat Burner,146,54.63," ? 7,975.98 ",0.22,2,Canada,Walmart,,,,,
10/21/2024,Iron Supplement,Mineral,139,58.78," ? 8,170.42 ",0.15,2,Canada,iHerb,,,,,
10/21/2024,Electrolyte Powder,Hydration,148,31.45," ? 4,654.60 ",0.18,3,Canada,iHerb,,,,,
10/28/2024,Whey Protein,Protein,150,27.01," ? 4,051.50 ",0.04,4,UK,Amazon,,,,,
10/28/2024,Vitamin C,Vitamin,143,45.77," ? 6,545.11 ",0.2,3,USA,Walmart,,,,,
10/28/2024,Fish Oil,Omega,154,18.38," ? 2,830.52 ",0.16,2,Canada,iHerb,,,,,
10/28/2024,Multivitamin,Vitamin,141,48.92," ? 6,897.72 ",0.21,1,USA,iHerb,,,,,
10/28/2024,Pre-Workout,Performance,157,46.95," ? 7,371.15 ",0.12,2,USA,Walmart,,,,,
10/28/2024,BCAA,Amino Acid,147,18.9," ? 2,778.30 ",0.02,2,UK,Walmart,,,,,
10/28/2024,Creatine,Performance,164,13.31," ? 2,182.84 ",0.11,2,Canada,Amazon,,,,,
10/28/2024,Zinc,Mineral,136,21.6," ? 2,937.60 ",0.1,0,UK,Amazon,,,,,
10/28/2024,Collagen Peptides,Protein,145,40.55," ? 5,879.75 ",0.02,2,USA,iHerb,,,,,
10/28/2024,Magnesium,Mineral,149,24.47," ? 3,646.03 ",0.18,2,Canada,Amazon,,,,,
10/28/2024,Ashwagandha,Herbal,150,17.29," ? 2,593.50 ",0.06,2,USA,iHerb,,,,,
10/28/2024,Melatonin,Sleep Aid,143,28.7," ? 4,104.10 ",0.16,1,USA,Amazon,,,,,
10/28/2024,Biotin,Vitamin,147,14.71," ? 2,162.37 ",0.06,0,USA,iHerb,,,,,
10/28/2024,Green Tea Extract,Fat Burner,174,12.1," ? 2,105.40 ",0.03,0,USA,Walmart,,,,,
10/28/2024,Iron Supplement,Mineral,153,34.93," ? 5,344.29 ",0.09,3,Canada,Amazon,,,,,
10/28/2024,Electrolyte Powder,Hydration,143,46.06," ? 6,586.58 ",0.11,2,Canada,Amazon,,,,,
11/4/2024,Whey Protein,Protein,156,35.2," ? 5,491.20 ",0.24,2,UK,Amazon,,,,,
11/4/2024,Vitamin C,Vitamin,169,34.16," ? 5,773.04 ",0.23,1,Canada,Walmart,,,,,
11/4/2024,Fish Oil,Omega,186,55.13," ? 10,254.18 ",0.11,0,Canada,Amazon,,,,,
11/4/2024,Multivitamin,Vitamin,167,11.11," ? 1,855.37 ",0.03,2,USA,iHerb,,,,,
11/4/2024,Pre-Workout,Performance,149,47.25," ? 7,040.25 ",0.03,1,UK,iHerb,,,,,
11/4/2024,BCAA,Amino Acid,138,53.66," ? 7,405.08 ",0.13,0,Canada,Amazon,,,,,
11/4/2024,Creatine,Performance,152,16.61," ? 2,524.72 ",0.02,0,Canada,Walmart,,,,,
11/4/2024,Zinc,Mineral,159,37.03," ? 5,887.77 ",0.06,1,Canada,Walmart,,,,,
11/4/2024,Collagen Peptides,Protein,185,55.08," ? 10,189.80 ",0.15,0,Canada,Amazon,,,,,
11/4/2024,Magnesium,Mineral,149,30.93," ? 4,608.57 ",0.22,1,Canada,Walmart,,,,,
11/4/2024,Ashwagandha,Herbal,152,56.03," ? 8,516.56 ",0.12,2,USA,iHerb,,,,,
11/4/2024,Melatonin,Sleep Aid,142,23.98," ? 3,405.16 ",0.08,4,USA,Amazon,,,,,
11/4/2024,Biotin,Vitamin,156,59.4," ? 9,266.40 ",0.04,1,Canada,iHerb,,,,,
11/4/2024,Green Tea Extract,Fat Burner,155,45.85," ? 7,106.75 ",0.02,0,Canada,Walmart,,,,,
11/4/2024,Iron Supplement,Mineral,157,37.77," ? 5,929.89 ",0.07,2,USA,Walmart,,,,,
11/4/2024,Electrolyte Powder,Hydration,147,44.48," ? 6,538.56 ",0.03,0,Canada,Amazon,,,,,
11/11/2024,Whey Protein,Protein,163,41.55," ? 6,772.65 ",0.1,1,USA,Amazon,,,,,
11/11/2024,Vitamin C,Vitamin,157,35.51," ? 5,575.07 ",0.24,4,UK,iHerb,,,,,
11/11/2024,Fish Oil,Omega,147,37.16," ? 5,462.52 ",0.13,0,USA,Amazon,,,,,
11/11/2024,Multivitamin,Vitamin,153,49.01," ? 7,498.53 ",0.2,0,Canada,Amazon,,,,,
11/11/2024,Pre-Workout,Performance,145,25.8," ? 3,741.00 ",0.14,1,Canada,Walmart,,,,,
11/11/2024,BCAA,Amino Acid,152,24.33," ? 3,698.16 ",0.02,3,Canada,Walmart,,,,,
11/11/2024,Creatine,Performance,158,21.33," ? 3,370.14 ",0.24,3,UK,Amazon,,,,,
11/11/2024,Zinc,Mineral,152,10.72," ? 1,629.44 ",0.01,2,UK,Walmart,,,,,
11/11/2024,Collagen Peptides,Protein,137,17.75," ? 2,431.75 ",0.14,0,UK,Walmart,,,,,
11/11/2024,Magnesium,Mineral,160,14.31," ? 2,289.60 ",0.21,2,Canada,Amazon,,,,,
11/11/2024,Ashwagandha,Herbal,171,56.03," ? 9,581.13 ",0.02,0,Canada,Walmart,,,,,
11/11/2024,Melatonin,Sleep Aid,140,23.21," ? 3,249.40 ",0.18,3,USA,iHerb,,,,,
11/11/2024,Biotin,Vitamin,161,30.08," ? 4,842.88 ",0.1,1,UK,Walmart,,,,,
11/11/2024,Green Tea Extract,Fat Burner,136,35.54," ? 4,833.44 ",0.13,2,Canada,Amazon,,,,,
11/11/2024,Iron Supplement,Mineral,151,43.16," ? 6,517.16 ",0.2,1,Canada,Walmart,,,,,
11/11/2024,Electrolyte Powder,Hydration,155,27.1," ? 4,200.50 ",0.23,3,Canada,Walmart,,,,,
11/18/2024,Whey Protein,Protein,153,52.7," ? 8,063.10 ",0.24,1,USA,iHerb,,,,,
11/18/2024,Vitamin C,Vitamin,152,13.6," ? 2,067.20 ",0.11,2,USA,iHerb,,,,,
11/18/2024,Fish Oil,Omega,123,15.37," ? 1,890.51 ",0.05,3,UK,Amazon,,,,,
11/18/2024,Multivitamin,Vitamin,150,13.22," ? 1,983.00 ",0.1,2,Canada,iHerb,,,,,
11/18/2024,Pre-Workout,Performance,134,13.23," ? 1,772.82 ",0.16,4,USA,iHerb,,,,,
11/18/2024,BCAA,Amino Acid,164,38.86," ? 6,373.04 ",0.13,1,USA,iHerb,,,,,
11/18/2024,Creatine,Performance,163,12.81," ? 2,088.03 ",0.24,0,UK,iHerb,,,,,
11/18/2024,Zinc,Mineral,144,50.89," ? 7,328.16 ",0.06,2,UK,Amazon,,,,,
11/18/2024,Collagen Peptides,Protein,162,12.1," ? 1,960.20 ",0.05,1,Canada,iHerb,,,,,
11/18/2024,Magnesium,Mineral,126,29," ? 3,654.00 ",0.22,0,USA,Amazon,,,,,
11/18/2024,Ashwagandha,Herbal,148,53.87," ? 7,972.76 ",0.13,1,UK,Amazon,,,,,
11/18/2024,Melatonin,Sleep Aid,166,13.97," ? 2,319.02 ",0.11,3,Canada,iHerb,,,,,
11/18/2024,Biotin,Vitamin,153,24.32," ? 3,720.96 ",0.07,1,UK,Walmart,,,,,
11/18/2024,Green Tea Extract,Fat Burner,145,42.09," ? 6,103.05 ",0.19,2,Canada,iHerb,,,,,
11/18/2024,Iron Supplement,Mineral,171,59.23," ? 10,128.33 ",0.05,2,Canada,Amazon,,,,,
11/18/2024,Electrolyte Powder,Hydration,151,33.84," ? 5,109.84 ",0.2,3,USA,Amazon,,,,,
11/25/2024,Whey Protein,Protein,159,13.36," ? 2,124.24 ",0.05,4,UK,Walmart,,,,,
11/25/2024,Vitamin C,Vitamin,157,28.35," ? 4,450.95 ",0.01,1,Canada,iHerb,,,,,
11/25/2024,Fish Oil,Omega,150,18.66," ? 2,799.00 ",0.13,2,UK,Walmart,,,,,
11/25/2024,Multivitamin,Vitamin,140,55.02," ? 7,702.80 ",0.12,3,Canada,Amazon,,,,,
11/25/2024,Pre-Workout,Performance,172,14.79," ? 2,543.88 ",0.12,2,USA,iHerb,,,,,
11/25/2024,BCAA,Amino Acid,147,42.05," ? 6,181.35 ",0,4,Canada,iHerb,,,,,
11/25/2024,Creatine,Performance,140,15.45," ? 2,163.00 ",0.06,0,USA,iHerb,,,,,
11/25/2024,Zinc,Mineral,155,43.61," ? 6,759.55 ",0.09,4,UK,iHerb,,,,,
11/25/2024,Collagen Peptides,Protein,168,38.67," ? 6,496.56 ",0.24,5,USA,Walmart,,,,,
11/25/2024,Magnesium,Mineral,148,25.1," ? 3,714.80 ",0.09,0,USA,Amazon,,,,,
11/25/2024,Ashwagandha,Herbal,139,35.54," ? 4,940.06 ",0.06,1,USA,Amazon,,,,,
11/25/2024,Melatonin,Sleep Aid,165,55.7," ? 9,190.50 ",0.09,2,Canada,iHerb,,,,,
11/25/2024,Biotin,Vitamin,185,43.99," ? 8,138.15 ",0.07,1,Canada,Amazon,,,,,
11/25/2024,Green Tea Extract,Fat Burner,148,55.72," ? 8,246.56 ",0.06,1,USA,Walmart,,,,,
11/25/2024,Iron Supplement,Mineral,155,14.8," ? 2,294.00 ",0.25,2,UK,Amazon,,,,,
11/25/2024,Electrolyte Powder,Hydration,148,14.38," ? 2,128.24 ",0.12,3,USA,Walmart,,,,,
12/2/2024,Whey Protein,Protein,168,36.57," ? 6,143.76 ",0.17,1,Canada,iHerb,,,,,
12/2/2024,Vitamin C,Vitamin,126,40.08," ? 5,050.08 ",0,0,UK,Walmart,,,,,
12/2/2024,Fish Oil,Omega,139,37.05," ? 5,149.95 ",0.07,1,USA,Walmart,,,,,
12/2/2024,Multivitamin,Vitamin,166,34.77," ? 5,771.82 ",0.24,2,Canada,Walmart,,,,,
12/2/2024,Pre-Workout,Performance,158,11," ? 1,738.00 ",0.16,2,Canada,Walmart,,,,,
12/2/2024,BCAA,Amino Acid,132,55.77," ? 7,361.64 ",0.05,1,Canada,Walmart,,,,,
12/2/2024,Creatine,Performance,149,51.23," ? 7,633.27 ",0.19,1,UK,Walmart,,,,,
12/2/2024,Zinc,Mineral,128,43.99," ? 5,630.72 ",0.18,4,UK,Amazon,,,,,
12/2/2024,Collagen Peptides,Protein,148,36.96," ? 5,470.08 ",0.04,1,USA,Amazon,,,,,
12/2/2024,Magnesium,Mineral,152,28.33," ? 4,306.16 ",0.25,1,UK,iHerb,,,,,
12/2/2024,Ashwagandha,Herbal,140,17.08," ? 2,391.20 ",0.11,0,Canada,iHerb,,,,,
12/2/2024,Melatonin,Sleep Aid,148,43.51," ? 6,439.48 ",0.19,0,UK,Walmart,,,,,
12/2/2024,Biotin,Vitamin,149,54.7," ? 8,150.30 ",0.05,1,UK,iHerb,,,,,
12/2/2024,Green Tea Extract,Fat Burner,153,51.51," ? 7,881.03 ",0.06,1,USA,Amazon,,,,,
12/2/2024,Iron Supplement,Mineral,161,30.11," ? 4,847.71 ",0.01,2,USA,Walmart,,,,,
12/2/2024,Electrolyte Powder,Hydration,165,21.58," ? 3,560.70 ",0,2,USA,Amazon,,,,,
12/9/2024,Whey Protein,Protein,150,44.73," ? 6,709.50 ",0.25,1,UK,iHerb,,,,,
12/9/2024,Vitamin C,Vitamin,147,33.84," ? 4,974.48 ",0.22,0,Canada,iHerb,,,,,
12/9/2024,Fish Oil,Omega,153,21.15," ? 3,235.95 ",0.07,0,Canada,Walmart,,,,,
12/9/2024,Multivitamin,Vitamin,149,45.92," ? 6,842.08 ",0.09,0,Canada,iHerb,,,,,
12/9/2024,Pre-Workout,Performance,157,48.85," ? 7,669.45 ",0.18,3,Canada,Amazon,,,,,
12/9/2024,BCAA,Amino Acid,138,25.05," ? 3,456.90 ",0.24,1,USA,Amazon,,,,,
12/9/2024,Creatine,Performance,130,32.21," ? 4,187.30 ",0.25,1,UK,iHerb,,,,,
12/9/2024,Zinc,Mineral,152,58.41," ? 8,878.32 ",0.2,1,Canada,Amazon,,,,,
12/9/2024,Collagen Peptides,Protein,143,42.22," ? 6,037.46 ",0.05,1,USA,Amazon,,,,,
12/9/2024,Magnesium,Mineral,167,38.33," ? 6,401.11 ",0.1,0,USA,Amazon,,,,,
12/9/2024,Ashwagandha,Herbal,145,54.79," ? 7,944.55 ",0.08,1,UK,Amazon,,,,,
12/9/2024,Melatonin,Sleep Aid,161,49.91," ? 8,035.51 ",0.24,3,Canada,Amazon,,,,,
12/9/2024,Biotin,Vitamin,147,35.43," ? 5,208.21 ",0.07,1,UK,Walmart,,,,,
12/9/2024,Green Tea Extract,Fat Burner,139,19.22," ? 2,671.58 ",0.02,3,UK,Walmart,,,,,
12/9/2024,Iron Supplement,Mineral,173,52.02," ? 8,999.46 ",0.05,3,USA,iHerb,,,,,
12/9/2024,Electrolyte Powder,Hydration,150,17.07," ? 2,560.50 ",0.08,0,USA,Amazon,,,,,
12/16/2024,Whey Protein,Protein,143,21.8," ? 3,117.40 ",0.07,5,USA,iHerb,,,,,
12/16/2024,Vitamin C,Vitamin,140,44.34," ? 6,207.60 ",0.21,1,UK,Walmart,,,,,
12/16/2024,Fish Oil,Omega,166,19.85," ? 3,295.10 ",0.08,2,USA,Walmart,,,,,
12/16/2024,Multivitamin,Vitamin,145,21.85," ? 3,168.25 ",0.18,1,USA,iHerb,,,,,
12/16/2024,Pre-Workout,Performance,148,44.31," ? 6,557.88 ",0.06,3,Canada,Amazon,,,,,
12/16/2024,BCAA,Amino Acid,158,58.75," ? 9,282.50 ",0.17,1,USA,iHerb,,,,,
12/16/2024,Creatine,Performance,136,18.24," ? 2,480.64 ",0.11,1,USA,Amazon,,,,,
12/16/2024,Zinc,Mineral,158,51.09," ? 8,072.22 ",0.08,1,Canada,Amazon,,,,,
12/16/2024,Collagen Peptides,Protein,160,25.4," ? 4,064.00 ",0.1,1,USA,iHerb,,,,,
12/16/2024,Magnesium,Mineral,153,46.28," ? 7,080.84 ",0.14,0,UK,iHerb,,,,,
12/16/2024,Ashwagandha,Herbal,143,29.52," ? 4,221.36 ",0.13,1,UK,Walmart,,,,,
12/16/2024,Melatonin,Sleep Aid,160,57.32," ? 9,171.20 ",0.09,1,USA,iHerb,,,,,
12/16/2024,Biotin,Vitamin,157,28.92," ? 4,540.44 ",0.19,3,Canada,Walmart,,,,,
12/16/2024,Green Tea Extract,Fat Burner,160,51.37," ? 8,219.20 ",0.19,2,USA,iHerb,,,,,
12/16/2024,Iron Supplement,Mineral,147,33.04," ? 4,856.88 ",0.01,1,Canada,Amazon,,,,,
12/16/2024,Electrolyte Powder,Hydration,153,44.27," ? 6,773.31 ",0.21,1,Canada,Amazon,,,,,
12/23/2024,Whey Protein,Protein,169,52.01," ? 8,789.69 ",0.21,1,USA,Amazon,,,,,
12/23/2024,Vitamin C,Vitamin,143,50.57," ? 7,231.51 ",0.21,1,Canada,Walmart,,,,,
12/23/2024,Fish Oil,Omega,153,33.44," ? 5,116.32 ",0.25,0,USA,Amazon,,,,,
12/23/2024,Multivitamin,Vitamin,139,46.24," ? 6,427.36 ",0.16,0,USA,iHerb,,,,,
12/23/2024,Pre-Workout,Performance,161,16.75," ? 2,696.75 ",0.11,0,Canada,iHerb,,,,,
12/23/2024,BCAA,Amino Acid,141,52.59," ? 7,415.19 ",0.2,1,UK,Amazon,,,,,
12/23/2024,Creatine,Performance,158,27.04," ? 4,272.32 ",0.18,2,USA,iHerb,,,,,
12/23/2024,Zinc,Mineral,154,44.15," ? 6,799.10 ",0.1,3,USA,iHerb,,,,,
12/23/2024,Collagen Peptides,Protein,136,27.11," ? 3,686.96 ",0.03,1,Canada,Walmart,,,,,
12/23/2024,Magnesium,Mineral,145,31.54," ? 4,573.30 ",0.17,1,USA,Walmart,,,,,
12/23/2024,Ashwagandha,Herbal,139,40.34," ? 5,607.26 ",0.16,1,Canada,Walmart,,,,,
12/23/2024,Melatonin,Sleep Aid,173,13.07," ? 2,261.11 ",0.08,0,Canada,Amazon,,,,,
12/23/2024,Biotin,Vitamin,151,38.75," ? 5,851.25 ",0.19,4,USA,Amazon,,,,,
12/23/2024,Green Tea Extract,Fat Burner,167,26.93," ? 4,497.31 ",0.06,0,Canada,iHerb,,,,,
12/23/2024,Iron Supplement,Mineral,152,21.36," ? 3,246.72 ",0.18,2,UK,Amazon,,,,,
12/23/2024,Electrolyte Powder,Hydration,168,27.38," ? 4,599.84 ",0.06,1,USA,Amazon,,,,,
12/30/2024,Whey Protein,Protein,131,14.33," ? 1,877.23 ",0.07,0,UK,Walmart,,,,,
12/30/2024,Vitamin C,Vitamin,161,25.42," ? 4,092.62 ",0.14,1,USA,Amazon,,,,,
12/30/2024,Fish Oil,Omega,142,49.89," ? 7,084.38 ",0.24,1,Canada,Walmart,,,,,
12/30/2024,Multivitamin,Vitamin,118,47.96," ? 5,659.28 ",0.14,2,USA,iHerb,,,,,
12/30/2024,Pre-Workout,Performance,157,54.29," ? 8,523.53 ",0.2,1,USA,iHerb,,,,,
12/30/2024,BCAA,Amino Acid,143,35.1," ? 5,019.30 ",0.15,0,UK,Walmart,,,,,
12/30/2024,Creatine,Performance,156,41.01," ? 6,397.56 ",0.06,1,Canada,iHerb,,,,,
12/30/2024,Zinc,Mineral,139,34.4," ? 4,781.60 ",0.06,0,Canada,Amazon,,,,,
12/30/2024,Collagen Peptides,Protein,156,59.48," ? 9,278.88 ",0.13,1,UK,Walmart,,,,,
12/30/2024,Magnesium,Mineral,156,51.01," ? 7,957.56 ",0.08,5,USA,Walmart,,,,,
12/30/2024,Ashwagandha,Herbal,154,13.64," ? 2,100.56 ",0.09,2,USA,iHerb,,,,,
12/30/2024,Melatonin,Sleep Aid,156,27.81," ? 4,338.36 ",0.07,2,Canada,iHerb,,,,,
12/30/2024,Biotin,Vitamin,144,20.37," ? 2,933.28 ",0.1,0,USA,iHerb,,,,,
12/30/2024,Green Tea Extract,Fat Burner,183,55.67," ? 10,187.61 ",0.11,1,Canada,Walmart,,,,,
12/30/2024,Iron Supplement,Mineral,140,44.28," ? 6,199.20 ",0.12,0,USA,iHerb,,,,,
12/30/2024,Electrolyte Powder,Hydration,147,32.51," ? 4,778.97 ",0.08,0,USA,Amazon,,,,,
1/6/2025,Whey Protein,Protein,148,10.85," ? 1,605.80 ",0.15,3,Canada,Amazon,,,,,
1/6/2025,Vitamin C,Vitamin,139,48.61," ? 6,756.79 ",0.06,0,USA,Walmart,,,,,
1/6/2025,Fish Oil,Omega,146,53.71," ? 7,841.66 ",0.15,1,Canada,Walmart,,,,,
1/6/2025,Multivitamin,Vitamin,151,15.66," ? 2,364.66 ",0.05,4,Canada,Amazon,,,,,
1/6/2025,Pre-Workout,Performance,180,17.26," ? 3,106.80 ",0.11,0,USA,iHerb,,,,,
1/6/2025,BCAA,Amino Acid,156,12.9," ? 2,012.40 ",0.12,4,Canada,Walmart,,,,,
1/6/2025,Creatine,Performance,147,59.9," ? 8,805.30 ",0.13,1,USA,Walmart,,,,,
1/6/2025,Zinc,Mineral,146,35.61," ? 5,199.06 ",0.11,1,USA,Amazon,,,,,
1/6/2025,Collagen Peptides,Protein,136,35.43," ? 4,818.48 ",0.01,0,Canada,Amazon,,,,,
1/6/2025,Magnesium,Mineral,177,13.17," ? 2,331.09 ",0.17,0,USA,iHerb,,,,,
1/6/2025,Ashwagandha,Herbal,159,42.55," ? 6,765.45 ",0.18,0,UK,Walmart,,,,,
1/6/2025,Melatonin,Sleep Aid,158,26.98," ? 4,262.84 ",0.24,1,UK,Amazon,,,,,
1/6/2025,Biotin,Vitamin,186,33.88," ? 6,301.68 ",0.02,2,USA,Walmart,,,,,
1/6/2025,Green Tea Extract,Fat Burner,129,22.94," ? 2,959.26 ",0.19,0,USA,Walmart,,,,,
1/6/2025,Iron Supplement,Mineral,164,11.76," ? 1,928.64 ",0.1,5,UK,iHerb,,,,,
1/6/2025,Electrolyte Powder,Hydration,132,47.56," ? 6,277.92 ",0.08,2,USA,Amazon,,,,,
1/13/2025,Whey Protein,Protein,138,23.26," ? 3,209.88 ",0.11,2,UK,iHerb,,,,,
1/13/2025,Vitamin C,Vitamin,160,56.42," ? 9,027.20 ",0.07,1,Canada,Walmart,,,,,
1/13/2025,Fish Oil,Omega,154,12.33," ? 1,898.82 ",0.15,1,UK,iHerb,,,,,
1/13/2025,Multivitamin,Vitamin,159,37.61," ? 5,979.99 ",0,2,Canada,Amazon,,,,,
1/13/2025,Pre-Workout,Performance,159,33.23," ? 5,283.57 ",0.24,1,Canada,Walmart,,,,,
1/13/2025,BCAA,Amino Acid,139,37.94," ? 5,273.66 ",0.24,2,USA,iHerb,,,,,
1/13/2025,Creatine,Performance,143,41.24," ? 5,897.32 ",0.15,0,UK,Amazon,,,,,
1/13/2025,Zinc,Mineral,155,10.93," ? 1,694.15 ",0.13,5,Canada,iHerb,,,,,
1/13/2025,Collagen Peptides,Protein,145,14.81," ? 2,147.45 ",0.18,0,Canada,Walmart,,,,,
1/13/2025,Magnesium,Mineral,141,39.64," ? 5,589.24 ",0.19,2,Canada,iHerb,,,,,
1/13/2025,Ashwagandha,Herbal,153,32.61," ? 4,989.33 ",0.06,0,UK,Walmart,,,,,
1/13/2025,Melatonin,Sleep Aid,146,12.13," ? 1,770.98 ",0.03,0,USA,Walmart,,,,,
1/13/2025,Biotin,Vitamin,153,18.31," ? 2,801.43 ",0.15,2,Canada,iHerb,,,,,
1/13/2025,Green Tea Extract,Fat Burner,144,14.91," ? 2,147.04 ",0.23,1,UK,Walmart,,,,,
1/13/2025,Iron Supplement,Mineral,161,37.17," ? 5,984.37 ",0.02,3,USA,Amazon,,,,,
1/13/2025,Electrolyte Powder,Hydration,154,35.95," ? 5,536.30 ",0.1,1,USA,iHerb,,,,,
1/20/2025,Whey Protein,Protein,155,39.79," ? 6,167.45 ",0.21,3,UK,Amazon,,,,,
1/20/2025,Vitamin C,Vitamin,151,41.98," ? 6,338.98 ",0.11,0,Canada,iHerb,,,,,
1/20/2025,Fish Oil,Omega,146,12.43," ? 1,814.78 ",0.17,3,UK,iHerb,,,,,
1/20/2025,Multivitamin,Vitamin,155,45.38," ? 7,033.90 ",0.11,0,Canada,iHerb,,,,,
1/20/2025,Pre-Workout,Performance,183,43.27," ? 7,918.41 ",0.13,0,Canada,Walmart,,,,,
1/20/2025,BCAA,Amino Acid,159,40.57," ? 6,450.63 ",0.03,2,Canada,iHerb,,,,,
1/20/2025,Creatine,Performance,128,37.63," ? 4,816.64 ",0.22,2,UK,iHerb,,,,,
1/20/2025,Zinc,Mineral,140,38.66," ? 5,412.40 ",0.15,0,Canada,Walmart,,,,,
1/20/2025,Collagen Peptides,Protein,143,34.44," ? 4,924.92 ",0.04,2,Canada,iHerb,,,,,
1/20/2025,Magnesium,Mineral,157,11.37," ? 1,785.09 ",0.05,1,Canada,Amazon,,,,,
1/20/2025,Ashwagandha,Herbal,136,29.57," ? 4,021.52 ",0.24,2,UK,iHerb,,,,,
1/20/2025,Melatonin,Sleep Aid,155,33.42," ? 5,180.10 ",0.1,1,UK,iHerb,,,,,
1/20/2025,Biotin,Vitamin,146,36.4," ? 5,314.40 ",0.19,1,USA,Walmart,,,,,
1/20/2025,Green Tea Extract,Fat Burner,158,58.09," ? 9,178.22 ",0.1,3,Canada,iHerb,,,,,
1/20/2025,Iron Supplement,Mineral,163,42.73," ? 6,964.99 ",0.02,4,USA,iHerb,,,,,
1/20/2025,Electrolyte Powder,Hydration,132,26.5," ? 3,498.00 ",0.11,1,USA,Amazon,,,,,
1/27/2025,Whey Protein,Protein,170,59.39," ? 10,096.30 ",0.15,0,Canada,Amazon,,,,,
1/27/2025,Vitamin C,Vitamin,138,12.52," ? 1,727.76 ",0.12,0,Canada,Walmart,,,,,
1/27/2025,Fish Oil,Omega,148,32.94," ? 4,875.12 ",0.04,1,Canada,Walmart,,,,,
1/27/2025,Multivitamin,Vitamin,145,39.22," ? 5,686.90 ",0.15,0,USA,Walmart,,,,,
1/27/2025,Pre-Workout,Performance,146,26.69," ? 3,896.74 ",0.14,1,Canada,Amazon,,,,,
1/27/2025,BCAA,Amino Acid,147,18.11," ? 2,662.17 ",0.15,1,USA,Amazon,,,,,
1/27/2025,Creatine,Performance,143,37.56," ? 5,371.08 ",0.12,2,Canada,Walmart,,,,,
1/27/2025,Zinc,Mineral,155,10.05," ? 1,557.75 ",0.13,1,UK,iHerb,,,,,
1/27/2025,Collagen Peptides,Protein,131,47.34," ? 6,201.54 ",0.1,2,UK,iHerb,,,,,
1/27/2025,Magnesium,Mineral,150,24.51," ? 3,676.50 ",0.1,1,UK,Amazon,,,,,
1/27/2025,Ashwagandha,Herbal,155,14.63," ? 2,267.65 ",0.17,2,USA,Walmart,,,,,
1/27/2025,Melatonin,Sleep Aid,147,30.55," ? 4,490.85 ",0.2,3,USA,Walmart,,,,,
1/27/2025,Biotin,Vitamin,157,43.52," ? 6,832.64 ",0.06,1,Canada,iHerb,,,,,
1/27/2025,Green Tea Extract,Fat Burner,138,42.43," ? 5,855.34 ",0.15,2,UK,iHerb,,,,,
1/27/2025,Iron Supplement,Mineral,140,41.66," ? 5,832.40 ",0.16,2,USA,iHerb,,,,,
1/27/2025,Electrolyte Powder,Hydration,142,32.01," ? 4,545.42 ",0.17,1,USA,Walmart,,,,,
2/3/2025,Whey Protein,Protein,177,43.75," ? 7,743.75 ",0.14,1,UK,Walmart,,,,,
2/3/2025,Vitamin C,Vitamin,126,17.87," ? 2,251.62 ",0.05,4,UK,Walmart,,,,,
2/3/2025,Fish Oil,Omega,158,39.55," ? 6,248.90 ",0.13,3,Canada,iHerb,,,,,
2/3/2025,Multivitamin,Vitamin,158,20.58," ? 3,251.64 ",0.16,0,Canada,iHerb,,,,,
2/3/2025,Pre-Workout,Performance,127,11.22," ? 1,424.94 ",0.14,2,UK,iHerb,,,,,
2/3/2025,BCAA,Amino Acid,146,45.69," ? 6,670.74 ",0.23,2,Canada,iHerb,,,,,
2/3/2025,Creatine,Performance,153,10.77," ? 1,647.81 ",0.17,1,Canada,Amazon,,,,,
2/3/2025,Zinc,Mineral,165,36.53," ? 6,027.45 ",0.19,3,Canada,Walmart,,,,,
2/3/2025,Collagen Peptides,Protein,155,59.11," ? 9,162.05 ",0.24,3,Canada,Amazon,,,,,
2/3/2025,Magnesium,Mineral,158,15.19," ? 2,400.02 ",0.07,0,Canada,iHerb,,,,,
2/3/2025,Ashwagandha,Herbal,134,17.33," ? 2,322.22 ",0.23,2,USA,Amazon,,,,,
2/3/2025,Melatonin,Sleep Aid,127,50.95," ? 6,470.65 ",0.2,3,USA,Amazon,,,,,
2/3/2025,Biotin,Vitamin,147,47.92," ? 7,044.24 ",0.07,2,UK,Walmart,,,,,
2/3/2025,Green Tea Extract,Fat Burner,151,23.79," ? 3,592.29 ",0.13,2,USA,iHerb,,,,,
2/3/2025,Iron Supplement,Mineral,175,56.83," ? 9,945.25 ",0.2,2,USA,iHerb,,,,,
2/3/2025,Electrolyte Powder,Hydration,161,22.2," ? 3,574.20 ",0.05,3,Canada,Amazon,,,,,
2/10/2025,Whey Protein,Protein,158,40.75," ? 6,438.50 ",0.11,0,UK,iHerb,,,,,
2/10/2025,Vitamin C,Vitamin,151,14.81," ? 2,236.31 ",0.12,2,USA,Walmart,,,,,
2/10/2025,Fish Oil,Omega,121,22.88," ? 2,768.48 ",0.01,0,Canada,Amazon,,,,,
2/10/2025,Multivitamin,Vitamin,135,50.17," ? 6,772.95 ",0.11,0,UK,Walmart,,,,,
2/10/2025,Pre-Workout,Performance,131,49.9," ? 6,536.90 ",0.09,0,UK,iHerb,,,,,
2/10/2025,BCAA,Amino Acid,147,11.48," ? 1,687.56 ",0.16,1,USA,Walmart,,,,,
2/10/2025,Creatine,Performance,158,27.1," ? 4,281.80 ",0.13,1,USA,Walmart,,,,,
2/10/2025,Zinc,Mineral,157,14.09," ? 2,212.13 ",0.16,2,Canada,iHerb,,,,,
2/10/2025,Collagen Peptides,Protein,145,52.15," ? 7,561.75 ",0.04,3,Canada,iHerb,,,,,
2/10/2025,Magnesium,Mineral,148,50.7," ? 7,503.60 ",0.13,1,USA,Amazon,,,,,
2/10/2025,Ashwagandha,Herbal,170,22.85," ? 3,884.50 ",0.09,3,UK,Amazon,,,,,
2/10/2025,Melatonin,Sleep Aid,174,53.19," ? 9,255.06 ",0.06,5,Canada,Walmart,,,,,
2/10/2025,Biotin,Vitamin,153,11.71," ? 1,791.63 ",0.04,0,UK,iHerb,,,,,
2/10/2025,Green Tea Extract,Fat Burner,160,58.46," ? 9,353.60 ",0.16,2,UK,iHerb,,,,,
2/10/2025,Iron Supplement,Mineral,139,43.39," ? 6,031.21 ",0.22,4,UK,Walmart,,,,,
2/10/2025,Electrolyte Powder,Hydration,134,50.17," ? 6,722.78 ",0.22,1,UK,Walmart,,,,,
2/17/2025,Whey Protein,Protein,145,25.28," ? 3,665.60 ",0.06,1,USA,Walmart,,,,,
2/17/2025,Vitamin C,Vitamin,139,57.83," ? 8,038.37 ",0.21,3,USA,iHerb,,,,,
2/17/2025,Fish Oil,Omega,162,50.6," ? 8,197.20 ",0.23,4,USA,iHerb,,,,,
2/17/2025,Multivitamin,Vitamin,157,11.99," ? 1,882.43 ",0.04,4,UK,Amazon,,,,,
2/17/2025,Pre-Workout,Performance,149,33.25," ? 4,954.25 ",0.17,0,Canada,iHerb,,,,,
2/17/2025,BCAA,Amino Acid,140,41.53," ? 5,814.20 ",0.04,2,UK,iHerb,,,,,
2/17/2025,Creatine,Performance,145,14.9," ? 2,160.50 ",0.17,1,Canada,Amazon,,,,,
2/17/2025,Zinc,Mineral,161,43.27," ? 6,966.47 ",0.23,0,UK,iHerb,,,,,
2/17/2025,Collagen Peptides,Protein,155,34.72," ? 5,381.60 ",0.01,0,USA,Walmart,,,,,
2/17/2025,Magnesium,Mineral,147,33.98," ? 4,995.06 ",0.15,3,UK,Amazon,,,,,
2/17/2025,Ashwagandha,Herbal,143,53.08," ? 7,590.44 ",0.05,1,UK,Walmart,,,,,
2/17/2025,Melatonin,Sleep Aid,139,23.55," ? 3,273.45 ",0.1,1,USA,iHerb,,,,,
2/17/2025,Biotin,Vitamin,154,26.52," ? 4,084.08 ",0.21,0,UK,Amazon,,,,,
2/17/2025,Green Tea Extract,Fat Burner,125,54.84," ? 6,855.00 ",0.06,2,UK,Amazon,,,,,
2/17/2025,Iron Supplement,Mineral,143,37.83," ? 5,409.69 ",0.21,1,Canada,Amazon,,,,,
2/17/2025,Electrolyte Powder,Hydration,154,49.48," ? 7,619.92 ",0.05,2,Canada,iHerb,,,,,
2/24/2025,Whey Protein,Protein,150,34.73," ? 5,209.50 ",0.03,2,USA,Walmart,,,,,
2/24/2025,Vitamin C,Vitamin,150,53.95," ? 8,092.50 ",0.22,1,UK,iHerb,,,,,
2/24/2025,Fish Oil,Omega,148,35.98," ? 5,325.04 ",0.24,2,UK,Amazon,,,,,
2/24/2025,Multivitamin,Vitamin,142,41.36," ? 5,873.12 ",0.16,2,UK,Amazon,,,,,
2/24/2025,Pre-Workout,Performance,137,26.89," ? 3,683.93 ",0.11,0,USA,Amazon,,,,,
2/24/2025,BCAA,Amino Acid,162,55.68," ? 9,020.16 ",0.04,0,USA,Amazon,,,,,
2/24/2025,Creatine,Performance,149,56.87," ? 8,473.63 ",0,1,UK,Amazon,,,,,
2/24/2025,Zinc,Mineral,172,14.66," ? 2,521.52 ",0.08,2,UK,Amazon,,,,,
2/24/2025,Collagen Peptides,Protein,137,51.82," ? 7,099.34 ",0.22,0,Canada,iHerb,,,,,
2/24/2025,Magnesium,Mineral,136,39.74," ? 5,404.64 ",0.09,3,Canada,Walmart,,,,,
2/24/2025,Ashwagandha,Herbal,158,41.23," ? 6,514.34 ",0.03,1,UK,iHerb,,,,,
2/24/2025,Melatonin,Sleep Aid,137,40.82," ? 5,592.34 ",0.14,0,Canada,Amazon,,,,,
2/24/2025,Biotin,Vitamin,131,39.19," ? 5,133.89 ",0.24,1,Canada,Walmart,,,,,
2/24/2025,Green Tea Extract,Fat Burner,177,31.79," ? 5,626.83 ",0.13,2,USA,Amazon,,,,,
2/24/2025,Iron Supplement,Mineral,145,11.46," ? 1,661.70 ",0.11,1,USA,iHerb,,,,,
2/24/2025,Electrolyte Powder,Hydration,154,31.37," ? 4,830.98 ",0.12,2,Canada,Amazon,,,,,
3/3/2025,Whey Protein,Protein,160,27.08," ? 4,332.80 ",0.25,3,Canada,iHerb,,,,,
3/3/2025,Vitamin C,Vitamin,141,25.7," ? 3,623.70 ",0.11,3,Canada,Amazon,,,,,
3/3/2025,Fish Oil,Omega,161,23.6," ? 3,799.60 ",0.15,1,UK,iHerb,,,,,
3/3/2025,Multivitamin,Vitamin,132,17.15," ? 2,263.80 ",0.17,2,Canada,Walmart,,,,,
3/3/2025,Pre-Workout,Performance,162,49.17," ? 7,965.54 ",0.25,3,UK,Amazon,,,,,
3/3/2025,BCAA,Amino Acid,159,31.09," ? 4,943.31 ",0.18,2,UK,Amazon,,,,,
3/3/2025,Creatine,Performance,155,32.44," ? 5,028.20 ",0.03,2,USA,iHerb,,,,,
3/3/2025,Zinc,Mineral,141,10.87," ? 1,532.67 ",0.1,2,Canada,Amazon,,,,,
3/3/2025,Collagen Peptides,Protein,151,33.49," ? 5,056.99 ",0.07,1,Canada,Walmart,,,,,
3/3/2025,Magnesium,Mineral,147,12.06," ? 1,772.82 ",0.17,3,UK,Amazon,,,,,
3/3/2025,Ashwagandha,Herbal,181,36.57," ? 6,619.17 ",0.01,2,UK,iHerb,,,,,
3/3/2025,Melatonin,Sleep Aid,134,15.69," ? 2,102.46 ",0.13,1,UK,iHerb,,,,,
3/3/2025,Biotin,Vitamin,142,16.41," ? 2,330.22 ",0.19,2,Canada,Walmart,,,,,
3/3/2025,Green Tea Extract,Fat Burner,154,48.14," ? 7,413.56 ",0.16,4,USA,Walmart,,,,,
3/3/2025,Iron Supplement,Mineral,153,29.08," ? 4,449.24 ",0.04,2,UK,Amazon,,,,,
3/3/2025,Electrolyte Powder,Hydration,158,17.92," ? 2,831.36 ",0.02,3,UK,Walmart,,,,,
3/10/2025,Whey Protein,Protein,140,24.03," ? 3,364.20 ",0.1,2,UK,Amazon,,,,,
3/10/2025,Vitamin C,Vitamin,166,44.32," ? 7,357.12 ",0.09,5,Canada,Walmart,,,,,
3/10/2025,Fish Oil,Omega,143,35.78," ? 5,116.54 ",0.04,0,USA,iHerb,,,,,
3/10/2025,Multivitamin,Vitamin,157,33.03," ? 5,185.71 ",0.17,2,USA,iHerb,,,,,
3/10/2025,Pre-Workout,Performance,155,43.29," ? 6,709.95 ",0.05,1,UK,iHerb,,,,,
3/10/2025,BCAA,Amino Acid,148,48.72," ? 7,210.56 ",0.09,0,USA,Walmart,,,,,
3/10/2025,Creatine,Performance,141,46.58," ? 6,567.78 ",0.12,2,UK,Amazon,,,,,
3/10/2025,Zinc,Mineral,147,59.18," ? 8,699.46 ",0.17,3,Canada,Amazon,,,,,
3/10/2025,Collagen Peptides,Protein,150,51.58," ? 7,737.00 ",0.25,2,USA,iHerb,,,,,
3/10/2025,Magnesium,Mineral,161,22.96," ? 3,696.56 ",0.09,3,Canada,iHerb,,,,,
3/10/2025,Ashwagandha,Herbal,124,28.62," ? 3,548.88 ",0.1,3,UK,Walmart,,,,,
3/10/2025,Melatonin,Sleep Aid,165,23.65," ? 3,902.25 ",0.12,1,USA,Amazon,,,,,
3/10/2025,Biotin,Vitamin,145,37.16," ? 5,388.20 ",0.08,2,UK,iHerb,,,,,
3/10/2025,Green Tea Extract,Fat Burner,143,12.62," ? 1,804.66 ",0.25,1,Canada,iHerb,,,,,
3/10/2025,Iron Supplement,Mineral,166,45.05," ? 7,478.30 ",0.03,2,UK,iHerb,,,,,
3/10/2025,Electrolyte Powder,Hydration,160,54.64," ? 8,742.40 ",0.07,1,USA,Walmart,,,,,
3/17/2025,Whey Protein,Protein,166,10.07," ? 1,671.62 ",0.09,3,Canada,iHerb,,,,,
3/17/2025,Vitamin C,Vitamin,109,24.06," ? 2,622.54 ",0.23,2,UK,Amazon,,,,,
3/17/2025,Fish Oil,Omega,151,26.6," ? 4,016.60 ",0.06,3,UK,Walmart,,,,,
3/17/2025,Multivitamin,Vitamin,132,41.72," ? 5,507.04 ",0.03,1,USA,Walmart,,,,,
3/17/2025,Pre-Workout,Performance,153,21.74," ? 3,326.22 ",0.07,2,Canada,Amazon,,,,,
3/17/2025,BCAA,Amino Acid,163,25.02," ? 4,078.26 ",0.01,1,Canada,Walmart,,,,,
3/17/2025,Creatine,Performance,152,45.63," ? 6,935.76 ",0.05,0,Canada,Walmart,,,,,
3/17/2025,Zinc,Mineral,144,15.33," ? 2,207.52 ",0.06,0,USA,Amazon,,,,,
3/17/2025,Collagen Peptides,Protein,158,17.22," ? 2,720.76 ",0.15,0,UK,Amazon,,,,,
3/17/2025,Magnesium,Mineral,146,37.94," ? 5,539.24 ",0.03,0,UK,Walmart,,,,,
3/17/2025,Ashwagandha,Herbal,162,14.09," ? 2,282.58 ",0.03,3,USA,Amazon,,,,,
3/17/2025,Melatonin,Sleep Aid,141,21.82," ? 3,076.62 ",0.16,0,Canada,iHerb,,,,,
3/17/2025,Biotin,Vitamin,134,44.68," ? 5,987.12 ",0.12,2,UK,iHerb,,,,,
3/17/2025,Green Tea Extract,Fat Burner,167,33.09," ? 5,526.03 ",0.25,1,UK,Walmart,,,,,
3/17/2025,Iron Supplement,Mineral,143,37.94," ? 5,425.42 ",0.06,1,UK,Amazon,,,,,
3/17/2025,Electrolyte Powder,Hydration,160,29.17," ? 4,667.20 ",0.07,3,USA,Amazon,,,,,
3/24/2025,Whey Protein,Protein,158,18.5," ? 2,923.00 ",0.02,0,UK,Amazon,,,,,
3/24/2025,Vitamin C,Vitamin,136,58.55," ? 7,962.80 ",0.09,4,Canada,Walmart,,,,,
3/24/2025,Fish Oil,Omega,138,34.55," ? 4,767.90 ",0.1,2,Canada,Walmart,,,,,
3/24/2025,Multivitamin,Vitamin,158,41.39," ? 6,539.62 ",0.11,3,USA,Walmart,,,,,
3/24/2025,Pre-Workout,Performance,146,21.41," ? 3,125.86 ",0.06,1,USA,Walmart,,,,,
3/24/2025,BCAA,Amino Acid,143,12.48," ? 1,784.64 ",0.21,0,Canada,Amazon,,,,,
3/24/2025,Creatine,Performance,167,13.26," ? 2,214.42 ",0.14,2,USA,Walmart,,,,,
3/24/2025,Zinc,Mineral,150,24.35," ? 3,652.50 ",0.17,1,Canada,iHerb,,,,,
3/24/2025,Collagen Peptides,Protein,144,46.39," ? 6,680.16 ",0.1,3,Canada,iHerb,,,,,
3/24/2025,Magnesium,Mineral,171,20.75," ? 3,548.25 ",0.23,1,UK,Walmart,,,,,
3/24/2025,Ashwagandha,Herbal,122,46.35," ? 5,654.70 ",0.23,1,USA,Walmart,,,,,
3/24/2025,Melatonin,Sleep Aid,178,13.04," ? 2,321.12 ",0.15,5,UK,Walmart,,,,,
3/24/2025,Biotin,Vitamin,150,21.06," ? 3,159.00 ",0.06,1,UK,Amazon,,,,,
3/24/2025,Green Tea Extract,Fat Burner,150,13.36," ? 2,004.00 ",0.01,2,USA,Amazon,,,,,
3/24/2025,Iron Supplement,Mineral,167,53.89," ? 8,999.63 ",0.2,0,USA,Amazon,,,,,
3/24/2025,Electrolyte Powder,Hydration,138,32.18," ? 4,440.84 ",0.07,1,Canada,Amazon,,,,,
3/31/2025,Whey Protein,Protein,148,15.17," ? 2,245.16 ",0.07,1,UK,Amazon,,,,,
3/31/2025,Vitamin C,Vitamin,157,57.08," ? 8,961.56 ",0.2,2,UK,iHerb,,,,,
3/31/2025,Fish Oil,Omega,139,44.67," ? 6,209.13 ",0.21,4,USA,iHerb,,,,,
3/31/2025,Multivitamin,Vitamin,154,10.88," ? 1,675.52 ",0.02,0,Canada,Amazon,,,,,
3/31/2025,Pre-Workout,Performance,124,26.84," ? 3,328.16 ",0.16,1,Canada,iHerb,,,,,
3/31/2025,BCAA,Amino Acid,153,23.89," ? 3,655.17 ",0.24,0,UK,Amazon,,,,,
3/31/2025,Creatine,Performance,174,35.63," ? 6,199.62 ",0.03,0,Canada,Amazon,,,,,
3/31/2025,Zinc,Mineral,147,23.47," ? 3,450.09 ",0.14,1,Canada,Walmart,,,,,
3/31/2025,Collagen Peptides,Protein,146,52.79," ? 7,707.34 ",0.13,1,USA,Amazon,,,,,
3/31/2025,Magnesium,Mineral,138,28.45," ? 3,926.10 ",0.25,1,UK,Walmart,,,,,
3/31/2025,Ashwagandha,Herbal,145,58.08," ? 8,421.60 ",0.24,2,Canada,Amazon,,,,,
3/31/2025,Melatonin,Sleep Aid,160,47.79," ? 7,646.40 ",0.21,1,USA,iHerb,,,,,
3/31/2025,Biotin,Vitamin,154,38.12," ? 5,870.48 ",0.22,1,UK,Walmart,,,,,
3/31/2025,Green Tea Extract,Fat Burner,139,20.4," ? 2,835.60 ",0.12,3,USA,iHerb,,,,,
3/31/2025,Iron Supplement,Mineral,154,18.31," ? 2,819.74 ",0.23,2,Canada,Amazon,,,,,
3/31/2025,Electrolyte Powder,Hydration,178,39.12," ? 6,963.36 ",0.23,0,UK,iHerb,,,,,
,,,,," ? 22,913,280.45 ",,,,,,,,,
